%YAML 1.1
%TAG !u! tag:unity3d.com,2011:
--- !u!1 &1720797683519251670
GameObject:
  m_ObjectHideFlags: 0
  m_CorrespondingSourceObject: {fileID: 0}
  m_PrefabInstance: {fileID: 0}
  m_PrefabAsset: {fileID: 0}
  serializedVersion: 6
  m_Component:
  - component: {fileID: 1720797683519251669}
  - component: {fileID: 1720797683519251668}
  m_Layer: 0
  m_Name: Level_4
  m_TagString: Untagged
  m_Icon: {fileID: 0}
  m_NavMeshLayer: 0
  m_StaticEditorFlags: 0
  m_IsActive: 1
--- !u!4 &1720797683519251669
Transform:
  m_ObjectHideFlags: 0
  m_CorrespondingSourceObject: {fileID: 0}
  m_PrefabInstance: {fileID: 0}
  m_PrefabAsset: {fileID: 0}
  m_GameObject: {fileID: 1720797683519251670}
  m_LocalRotation: {x: 0, y: 0, z: 0, w: 1}
  m_LocalPosition: {x: 0, y: 0, z: 0}
  m_LocalScale: {x: 1, y: 1, z: 1}
  m_Children:
  - {fileID: 5624771476043842582}
  - {fileID: 8002557102433530977}
  - {fileID: 6397824718971785480}
  - {fileID: 1553717124486816596}
  - {fileID: 8290482634199720783}
  - {fileID: 5657818481957594641}
  - {fileID: 5027934521173180282}
  - {fileID: 577133798823524342}
  - {fileID: 7141623671951586092}
  - {fileID: 6081546612448045448}
  - {fileID: 6506124486275769455}
  - {fileID: 2930730378950662330}
  - {fileID: 3649687375165341089}
  - {fileID: 8744319630945085622}
  m_Father: {fileID: 0}
  m_RootOrder: 0
  m_LocalEulerAnglesHint: {x: 0, y: 0, z: 0}
--- !u!114 &1720797683519251668
MonoBehaviour:
  m_ObjectHideFlags: 0
  m_CorrespondingSourceObject: {fileID: 0}
  m_PrefabInstance: {fileID: 0}
  m_PrefabAsset: {fileID: 0}
  m_GameObject: {fileID: 1720797683519251670}
  m_Enabled: 1
  m_EditorHideFlags: 0
  m_Script: {fileID: 11500000, guid: c55a68c18d641428b87ca595c48e5d3b, type: 3}
  m_Name: 
  m_EditorClassIdentifier: 
  stars: 0
  id: 4
  levelTimer: 30
  SkyboxMatStart: {fileID: 2100000, guid: 39e8e6389b493b640b7ad0a0d8b1226a, type: 2}
  SkyboxMatEnd: {fileID: 2100000, guid: 4e17efcf069bf441d9ac6a0c13ac18cc, type: 2}
--- !u!1001 &590929986198003393
PrefabInstance:
  m_ObjectHideFlags: 0
  serializedVersion: 2
  m_Modification:
    m_TransformParent: {fileID: 1720797683519251669}
    m_Modifications:
    - target: {fileID: 2068785438729490938, guid: b775bfd9ff901f548bb284eb6b54823a,
        type: 3}
      propertyPath: m_Name
      value: Easy_00
      objectReference: {fileID: 0}
    - target: {fileID: 4221329590934594400, guid: b775bfd9ff901f548bb284eb6b54823a,
        type: 3}
      propertyPath: m_LocalPosition.x
      value: 0
      objectReference: {fileID: 0}
    - target: {fileID: 4221329590934594400, guid: b775bfd9ff901f548bb284eb6b54823a,
        type: 3}
      propertyPath: m_LocalPosition.y
      value: 0
      objectReference: {fileID: 0}
    - target: {fileID: 4221329590934594400, guid: b775bfd9ff901f548bb284eb6b54823a,
        type: 3}
      propertyPath: m_LocalPosition.z
      value: 0
      objectReference: {fileID: 0}
    - target: {fileID: 4221329590934594400, guid: b775bfd9ff901f548bb284eb6b54823a,
        type: 3}
      propertyPath: m_LocalRotation.x
      value: 0
      objectReference: {fileID: 0}
    - target: {fileID: 4221329590934594400, guid: b775bfd9ff901f548bb284eb6b54823a,
        type: 3}
      propertyPath: m_LocalRotation.y
      value: 0
      objectReference: {fileID: 0}
    - target: {fileID: 4221329590934594400, guid: b775bfd9ff901f548bb284eb6b54823a,
        type: 3}
      propertyPath: m_LocalRotation.z
      value: 0
      objectReference: {fileID: 0}
    - target: {fileID: 4221329590934594400, guid: b775bfd9ff901f548bb284eb6b54823a,
        type: 3}
      propertyPath: m_LocalRotation.w
      value: 1
      objectReference: {fileID: 0}
    - target: {fileID: 4221329590934594400, guid: b775bfd9ff901f548bb284eb6b54823a,
        type: 3}
      propertyPath: m_RootOrder
      value: 12
      objectReference: {fileID: 0}
    - target: {fileID: 4221329590934594400, guid: b775bfd9ff901f548bb284eb6b54823a,
        type: 3}
      propertyPath: m_LocalEulerAnglesHint.x
      value: 0
      objectReference: {fileID: 0}
    - target: {fileID: 4221329590934594400, guid: b775bfd9ff901f548bb284eb6b54823a,
        type: 3}
      propertyPath: m_LocalEulerAnglesHint.y
      value: 0
      objectReference: {fileID: 0}
    - target: {fileID: 4221329590934594400, guid: b775bfd9ff901f548bb284eb6b54823a,
        type: 3}
      propertyPath: m_LocalEulerAnglesHint.z
      value: 0
      objectReference: {fileID: 0}
    m_RemovedComponents: []
  m_SourcePrefab: {fileID: 100100000, guid: b775bfd9ff901f548bb284eb6b54823a, type: 3}
--- !u!4 &3649687375165341089 stripped
Transform:
  m_CorrespondingSourceObject: {fileID: 4221329590934594400, guid: b775bfd9ff901f548bb284eb6b54823a,
    type: 3}
  m_PrefabInstance: {fileID: 590929986198003393}
  m_PrefabAsset: {fileID: 0}
--- !u!1001 &1313123807200590810
PrefabInstance:
  m_ObjectHideFlags: 0
  serializedVersion: 2
  m_Modification:
    m_TransformParent: {fileID: 1720797683519251669}
    m_Modifications:
    - target: {fileID: 2068785438729490938, guid: 9b86d8ae4cdb12f4e800c39c6992b970,
        type: 3}
      propertyPath: m_Name
      value: Landing (1)
      objectReference: {fileID: 0}
    - target: {fileID: 4221329590934594400, guid: 9b86d8ae4cdb12f4e800c39c6992b970,
        type: 3}
      propertyPath: m_LocalPosition.x
      value: 0
      objectReference: {fileID: 0}
    - target: {fileID: 4221329590934594400, guid: 9b86d8ae4cdb12f4e800c39c6992b970,
        type: 3}
      propertyPath: m_LocalPosition.y
      value: -173
      objectReference: {fileID: 0}
    - target: {fileID: 4221329590934594400, guid: 9b86d8ae4cdb12f4e800c39c6992b970,
        type: 3}
      propertyPath: m_LocalPosition.z
      value: 0
      objectReference: {fileID: 0}
    - target: {fileID: 4221329590934594400, guid: 9b86d8ae4cdb12f4e800c39c6992b970,
        type: 3}
      propertyPath: m_LocalRotation.x
      value: 0
      objectReference: {fileID: 0}
    - target: {fileID: 4221329590934594400, guid: 9b86d8ae4cdb12f4e800c39c6992b970,
        type: 3}
      propertyPath: m_LocalRotation.y
      value: 0
      objectReference: {fileID: 0}
    - target: {fileID: 4221329590934594400, guid: 9b86d8ae4cdb12f4e800c39c6992b970,
        type: 3}
      propertyPath: m_LocalRotation.z
      value: 0
      objectReference: {fileID: 0}
    - target: {fileID: 4221329590934594400, guid: 9b86d8ae4cdb12f4e800c39c6992b970,
        type: 3}
      propertyPath: m_LocalRotation.w
      value: 1
      objectReference: {fileID: 0}
    - target: {fileID: 4221329590934594400, guid: 9b86d8ae4cdb12f4e800c39c6992b970,
        type: 3}
      propertyPath: m_RootOrder
      value: 11
      objectReference: {fileID: 0}
    - target: {fileID: 4221329590934594400, guid: 9b86d8ae4cdb12f4e800c39c6992b970,
        type: 3}
      propertyPath: m_LocalEulerAnglesHint.x
      value: 0
      objectReference: {fileID: 0}
    - target: {fileID: 4221329590934594400, guid: 9b86d8ae4cdb12f4e800c39c6992b970,
        type: 3}
      propertyPath: m_LocalEulerAnglesHint.y
      value: 0
      objectReference: {fileID: 0}
    - target: {fileID: 4221329590934594400, guid: 9b86d8ae4cdb12f4e800c39c6992b970,
        type: 3}
      propertyPath: m_LocalEulerAnglesHint.z
      value: 0
      objectReference: {fileID: 0}
    m_RemovedComponents: []
  m_SourcePrefab: {fileID: 100100000, guid: 9b86d8ae4cdb12f4e800c39c6992b970, type: 3}
--- !u!4 &2930730378950662330 stripped
Transform:
  m_CorrespondingSourceObject: {fileID: 4221329590934594400, guid: 9b86d8ae4cdb12f4e800c39c6992b970,
    type: 3}
  m_PrefabInstance: {fileID: 1313123807200590810}
  m_PrefabAsset: {fileID: 0}
--- !u!1001 &3394242541338099764
PrefabInstance:
  m_ObjectHideFlags: 0
  serializedVersion: 2
  m_Modification:
    m_TransformParent: {fileID: 1720797683519251669}
    m_Modifications:
    - target: {fileID: 2068785438729490938, guid: 984250fd6a1cf694f8b72955eeafef4f,
        type: 3}
      propertyPath: m_Name
      value: Easy_19
      objectReference: {fileID: 0}
    - target: {fileID: 4221329590934594400, guid: 984250fd6a1cf694f8b72955eeafef4f,
        type: 3}
      propertyPath: m_LocalPosition.x
      value: 0
      objectReference: {fileID: 0}
    - target: {fileID: 4221329590934594400, guid: 984250fd6a1cf694f8b72955eeafef4f,
        type: 3}
      propertyPath: m_LocalPosition.y
      value: 0
      objectReference: {fileID: 0}
    - target: {fileID: 4221329590934594400, guid: 984250fd6a1cf694f8b72955eeafef4f,
        type: 3}
      propertyPath: m_LocalPosition.z
      value: 0
      objectReference: {fileID: 0}
    - target: {fileID: 4221329590934594400, guid: 984250fd6a1cf694f8b72955eeafef4f,
        type: 3}
      propertyPath: m_LocalRotation.x
      value: 0
      objectReference: {fileID: 0}
    - target: {fileID: 4221329590934594400, guid: 984250fd6a1cf694f8b72955eeafef4f,
        type: 3}
      propertyPath: m_LocalRotation.y
      value: 0
      objectReference: {fileID: 0}
    - target: {fileID: 4221329590934594400, guid: 984250fd6a1cf694f8b72955eeafef4f,
        type: 3}
      propertyPath: m_LocalRotation.z
      value: 0
      objectReference: {fileID: 0}
    - target: {fileID: 4221329590934594400, guid: 984250fd6a1cf694f8b72955eeafef4f,
        type: 3}
      propertyPath: m_LocalRotation.w
      value: 1
      objectReference: {fileID: 0}
    - target: {fileID: 4221329590934594400, guid: 984250fd6a1cf694f8b72955eeafef4f,
        type: 3}
      propertyPath: m_RootOrder
      value: 3
      objectReference: {fileID: 0}
    - target: {fileID: 4221329590934594400, guid: 984250fd6a1cf694f8b72955eeafef4f,
        type: 3}
      propertyPath: m_LocalEulerAnglesHint.x
      value: 0
      objectReference: {fileID: 0}
    - target: {fileID: 4221329590934594400, guid: 984250fd6a1cf694f8b72955eeafef4f,
        type: 3}
      propertyPath: m_LocalEulerAnglesHint.y
      value: 0
      objectReference: {fileID: 0}
    - target: {fileID: 4221329590934594400, guid: 984250fd6a1cf694f8b72955eeafef4f,
        type: 3}
      propertyPath: m_LocalEulerAnglesHint.z
      value: 0
      objectReference: {fileID: 0}
    m_RemovedComponents: []
  m_SourcePrefab: {fileID: 100100000, guid: 984250fd6a1cf694f8b72955eeafef4f, type: 3}
--- !u!4 &1553717124486816596 stripped
Transform:
  m_CorrespondingSourceObject: {fileID: 4221329590934594400, guid: 984250fd6a1cf694f8b72955eeafef4f,
    type: 3}
  m_PrefabInstance: {fileID: 3394242541338099764}
  m_PrefabAsset: {fileID: 0}
--- !u!1001 &3645462431662019734
PrefabInstance:
  m_ObjectHideFlags: 0
  serializedVersion: 2
  m_Modification:
    m_TransformParent: {fileID: 1720797683519251669}
    m_Modifications:
    - target: {fileID: 2068785438729490938, guid: 24b2feb6710fa604c97e0e5755bfb850,
        type: 3}
      propertyPath: m_Name
      value: Easy_08
      objectReference: {fileID: 0}
    - target: {fileID: 4221329590934594400, guid: 24b2feb6710fa604c97e0e5755bfb850,
        type: 3}
      propertyPath: m_LocalPosition.x
      value: 0
      objectReference: {fileID: 0}
    - target: {fileID: 4221329590934594400, guid: 24b2feb6710fa604c97e0e5755bfb850,
        type: 3}
      propertyPath: m_LocalPosition.y
      value: 0
      objectReference: {fileID: 0}
    - target: {fileID: 4221329590934594400, guid: 24b2feb6710fa604c97e0e5755bfb850,
        type: 3}
      propertyPath: m_LocalPosition.z
      value: 0
      objectReference: {fileID: 0}
    - target: {fileID: 4221329590934594400, guid: 24b2feb6710fa604c97e0e5755bfb850,
        type: 3}
      propertyPath: m_LocalRotation.x
      value: 0
      objectReference: {fileID: 0}
    - target: {fileID: 4221329590934594400, guid: 24b2feb6710fa604c97e0e5755bfb850,
        type: 3}
      propertyPath: m_LocalRotation.y
      value: 0
      objectReference: {fileID: 0}
    - target: {fileID: 4221329590934594400, guid: 24b2feb6710fa604c97e0e5755bfb850,
        type: 3}
      propertyPath: m_LocalRotation.z
      value: 0
      objectReference: {fileID: 0}
    - target: {fileID: 4221329590934594400, guid: 24b2feb6710fa604c97e0e5755bfb850,
        type: 3}
      propertyPath: m_LocalRotation.w
      value: 1
      objectReference: {fileID: 0}
    - target: {fileID: 4221329590934594400, guid: 24b2feb6710fa604c97e0e5755bfb850,
        type: 3}
      propertyPath: m_RootOrder
      value: 7
      objectReference: {fileID: 0}
    - target: {fileID: 4221329590934594400, guid: 24b2feb6710fa604c97e0e5755bfb850,
        type: 3}
      propertyPath: m_LocalEulerAnglesHint.x
      value: 0
      objectReference: {fileID: 0}
    - target: {fileID: 4221329590934594400, guid: 24b2feb6710fa604c97e0e5755bfb850,
        type: 3}
      propertyPath: m_LocalEulerAnglesHint.y
      value: 0
      objectReference: {fileID: 0}
    - target: {fileID: 4221329590934594400, guid: 24b2feb6710fa604c97e0e5755bfb850,
        type: 3}
      propertyPath: m_LocalEulerAnglesHint.z
      value: 0
      objectReference: {fileID: 0}
    m_RemovedComponents: []
  m_SourcePrefab: {fileID: 100100000, guid: 24b2feb6710fa604c97e0e5755bfb850, type: 3}
--- !u!4 &577133798823524342 stripped
Transform:
  m_CorrespondingSourceObject: {fileID: 4221329590934594400, guid: 24b2feb6710fa604c97e0e5755bfb850,
    type: 3}
  m_PrefabInstance: {fileID: 3645462431662019734}
  m_PrefabAsset: {fileID: 0}
--- !u!1001 &4886190891480681430
PrefabInstance:
  m_ObjectHideFlags: 0
  serializedVersion: 2
  m_Modification:
    m_TransformParent: {fileID: 1720797683519251669}
    m_Modifications:
    - target: {fileID: 2068785438729490938, guid: 7eab5da0a774041769ec26305dac2bfd,
        type: 3}
      propertyPath: m_Name
      value: Finisher_01
      objectReference: {fileID: 0}
    - target: {fileID: 4221329590934594400, guid: 7eab5da0a774041769ec26305dac2bfd,
        type: 3}
      propertyPath: m_LocalPosition.x
      value: 0
      objectReference: {fileID: 0}
    - target: {fileID: 4221329590934594400, guid: 7eab5da0a774041769ec26305dac2bfd,
        type: 3}
      propertyPath: m_LocalPosition.y
      value: 0
      objectReference: {fileID: 0}
    - target: {fileID: 4221329590934594400, guid: 7eab5da0a774041769ec26305dac2bfd,
        type: 3}
      propertyPath: m_LocalPosition.z
      value: 0
      objectReference: {fileID: 0}
    - target: {fileID: 4221329590934594400, guid: 7eab5da0a774041769ec26305dac2bfd,
        type: 3}
      propertyPath: m_LocalRotation.x
      value: 0
      objectReference: {fileID: 0}
    - target: {fileID: 4221329590934594400, guid: 7eab5da0a774041769ec26305dac2bfd,
        type: 3}
      propertyPath: m_LocalRotation.y
      value: 0
      objectReference: {fileID: 0}
    - target: {fileID: 4221329590934594400, guid: 7eab5da0a774041769ec26305dac2bfd,
        type: 3}
      propertyPath: m_LocalRotation.z
      value: 0
      objectReference: {fileID: 0}
    - target: {fileID: 4221329590934594400, guid: 7eab5da0a774041769ec26305dac2bfd,
        type: 3}
      propertyPath: m_LocalRotation.w
      value: 1
      objectReference: {fileID: 0}
    - target: {fileID: 4221329590934594400, guid: 7eab5da0a774041769ec26305dac2bfd,
        type: 3}
      propertyPath: m_RootOrder
      value: 13
      objectReference: {fileID: 0}
    - target: {fileID: 4221329590934594400, guid: 7eab5da0a774041769ec26305dac2bfd,
        type: 3}
      propertyPath: m_LocalEulerAnglesHint.x
      value: 0
      objectReference: {fileID: 0}
    - target: {fileID: 4221329590934594400, guid: 7eab5da0a774041769ec26305dac2bfd,
        type: 3}
      propertyPath: m_LocalEulerAnglesHint.y
      value: 0
      objectReference: {fileID: 0}
    - target: {fileID: 4221329590934594400, guid: 7eab5da0a774041769ec26305dac2bfd,
        type: 3}
      propertyPath: m_LocalEulerAnglesHint.z
      value: 0
      objectReference: {fileID: 0}
    m_RemovedComponents: []
  m_SourcePrefab: {fileID: 100100000, guid: 7eab5da0a774041769ec26305dac2bfd, type: 3}
--- !u!4 &8744319630945085622 stripped
Transform:
  m_CorrespondingSourceObject: {fileID: 4221329590934594400, guid: 7eab5da0a774041769ec26305dac2bfd,
    type: 3}
  m_PrefabInstance: {fileID: 4886190891480681430}
  m_PrefabAsset: {fileID: 0}
--- !u!1001 &5303158858150346799
PrefabInstance:
  m_ObjectHideFlags: 0
  serializedVersion: 2
  m_Modification:
    m_TransformParent: {fileID: 1720797683519251669}
    m_Modifications:
    - target: {fileID: 2068785438729490938, guid: a40dd88bda1a50a44a8cbfbf4a5f49b5,
        type: 3}
      propertyPath: m_Name
      value: Easy_16
      objectReference: {fileID: 0}
    - target: {fileID: 4221329590934594400, guid: a40dd88bda1a50a44a8cbfbf4a5f49b5,
        type: 3}
      propertyPath: m_LocalPosition.x
      value: 0
      objectReference: {fileID: 0}
    - target: {fileID: 4221329590934594400, guid: a40dd88bda1a50a44a8cbfbf4a5f49b5,
        type: 3}
      propertyPath: m_LocalPosition.y
      value: 0
      objectReference: {fileID: 0}
    - target: {fileID: 4221329590934594400, guid: a40dd88bda1a50a44a8cbfbf4a5f49b5,
        type: 3}
      propertyPath: m_LocalPosition.z
      value: 0
      objectReference: {fileID: 0}
    - target: {fileID: 4221329590934594400, guid: a40dd88bda1a50a44a8cbfbf4a5f49b5,
        type: 3}
      propertyPath: m_LocalRotation.x
      value: 0
      objectReference: {fileID: 0}
    - target: {fileID: 4221329590934594400, guid: a40dd88bda1a50a44a8cbfbf4a5f49b5,
        type: 3}
      propertyPath: m_LocalRotation.y
      value: 0
      objectReference: {fileID: 0}
    - target: {fileID: 4221329590934594400, guid: a40dd88bda1a50a44a8cbfbf4a5f49b5,
        type: 3}
      propertyPath: m_LocalRotation.z
      value: 0
      objectReference: {fileID: 0}
    - target: {fileID: 4221329590934594400, guid: a40dd88bda1a50a44a8cbfbf4a5f49b5,
        type: 3}
      propertyPath: m_LocalRotation.w
      value: 1
      objectReference: {fileID: 0}
    - target: {fileID: 4221329590934594400, guid: a40dd88bda1a50a44a8cbfbf4a5f49b5,
        type: 3}
      propertyPath: m_RootOrder
      value: 4
      objectReference: {fileID: 0}
    - target: {fileID: 4221329590934594400, guid: a40dd88bda1a50a44a8cbfbf4a5f49b5,
        type: 3}
      propertyPath: m_LocalEulerAnglesHint.x
      value: 0
      objectReference: {fileID: 0}
    - target: {fileID: 4221329590934594400, guid: a40dd88bda1a50a44a8cbfbf4a5f49b5,
        type: 3}
      propertyPath: m_LocalEulerAnglesHint.y
      value: 0
      objectReference: {fileID: 0}
    - target: {fileID: 4221329590934594400, guid: a40dd88bda1a50a44a8cbfbf4a5f49b5,
        type: 3}
      propertyPath: m_LocalEulerAnglesHint.z
      value: 0
      objectReference: {fileID: 0}
    m_RemovedComponents: []
  m_SourcePrefab: {fileID: 100100000, guid: a40dd88bda1a50a44a8cbfbf4a5f49b5, type: 3}
--- !u!4 &8290482634199720783 stripped
Transform:
  m_CorrespondingSourceObject: {fileID: 4221329590934594400, guid: a40dd88bda1a50a44a8cbfbf4a5f49b5,
    type: 3}
  m_PrefabInstance: {fileID: 5303158858150346799}
  m_PrefabAsset: {fileID: 0}
--- !u!1001 &6168778843534661377
PrefabInstance:
  m_ObjectHideFlags: 0
  serializedVersion: 2
  m_Modification:
    m_TransformParent: {fileID: 1720797683519251669}
    m_Modifications:
    - target: {fileID: 2068785438729490938, guid: ea967a7174f5d70459df90797310c235,
        type: 3}
      propertyPath: m_Name
      value: Easy_20
      objectReference: {fileID: 0}
    - target: {fileID: 4221329590934594400, guid: ea967a7174f5d70459df90797310c235,
        type: 3}
      propertyPath: m_LocalPosition.x
      value: 0
      objectReference: {fileID: 0}
    - target: {fileID: 4221329590934594400, guid: ea967a7174f5d70459df90797310c235,
        type: 3}
      propertyPath: m_LocalPosition.y
      value: 0
      objectReference: {fileID: 0}
    - target: {fileID: 4221329590934594400, guid: ea967a7174f5d70459df90797310c235,
        type: 3}
      propertyPath: m_LocalPosition.z
      value: 0
      objectReference: {fileID: 0}
    - target: {fileID: 4221329590934594400, guid: ea967a7174f5d70459df90797310c235,
        type: 3}
      propertyPath: m_LocalRotation.x
      value: 0
      objectReference: {fileID: 0}
    - target: {fileID: 4221329590934594400, guid: ea967a7174f5d70459df90797310c235,
        type: 3}
      propertyPath: m_LocalRotation.y
      value: 0
      objectReference: {fileID: 0}
    - target: {fileID: 4221329590934594400, guid: ea967a7174f5d70459df90797310c235,
        type: 3}
      propertyPath: m_LocalRotation.z
      value: 0
      objectReference: {fileID: 0}
    - target: {fileID: 4221329590934594400, guid: ea967a7174f5d70459df90797310c235,
        type: 3}
      propertyPath: m_LocalRotation.w
      value: 1
      objectReference: {fileID: 0}
    - target: {fileID: 4221329590934594400, guid: ea967a7174f5d70459df90797310c235,
        type: 3}
      propertyPath: m_RootOrder
      value: 1
      objectReference: {fileID: 0}
    - target: {fileID: 4221329590934594400, guid: ea967a7174f5d70459df90797310c235,
        type: 3}
      propertyPath: m_LocalEulerAnglesHint.x
      value: 0
      objectReference: {fileID: 0}
    - target: {fileID: 4221329590934594400, guid: ea967a7174f5d70459df90797310c235,
        type: 3}
      propertyPath: m_LocalEulerAnglesHint.y
      value: 0
      objectReference: {fileID: 0}
    - target: {fileID: 4221329590934594400, guid: ea967a7174f5d70459df90797310c235,
        type: 3}
      propertyPath: m_LocalEulerAnglesHint.z
      value: 0
      objectReference: {fileID: 0}
    m_RemovedComponents: []
  m_SourcePrefab: {fileID: 100100000, guid: ea967a7174f5d70459df90797310c235, type: 3}
--- !u!4 &8002557102433530977 stripped
Transform:
  m_CorrespondingSourceObject: {fileID: 4221329590934594400, guid: ea967a7174f5d70459df90797310c235,
    type: 3}
  m_PrefabInstance: {fileID: 6168778843534661377}
  m_PrefabAsset: {fileID: 0}
--- !u!1001 &6451696745829208140
PrefabInstance:
  m_ObjectHideFlags: 0
  serializedVersion: 2
  m_Modification:
    m_TransformParent: {fileID: 1720797683519251669}
    m_Modifications:
    - target: {fileID: 2068785438729490938, guid: 2feb7617f3053f44bb16614b0d5fa5cc,
        type: 3}
      propertyPath: m_Name
      value: Easy_05
      objectReference: {fileID: 0}
    - target: {fileID: 4221329590934594400, guid: 2feb7617f3053f44bb16614b0d5fa5cc,
        type: 3}
      propertyPath: m_LocalPosition.x
      value: 0
      objectReference: {fileID: 0}
    - target: {fileID: 4221329590934594400, guid: 2feb7617f3053f44bb16614b0d5fa5cc,
        type: 3}
      propertyPath: m_LocalPosition.y
      value: 0
      objectReference: {fileID: 0}
    - target: {fileID: 4221329590934594400, guid: 2feb7617f3053f44bb16614b0d5fa5cc,
        type: 3}
      propertyPath: m_LocalPosition.z
      value: 0
      objectReference: {fileID: 0}
    - target: {fileID: 4221329590934594400, guid: 2feb7617f3053f44bb16614b0d5fa5cc,
        type: 3}
      propertyPath: m_LocalRotation.x
      value: 0
      objectReference: {fileID: 0}
    - target: {fileID: 4221329590934594400, guid: 2feb7617f3053f44bb16614b0d5fa5cc,
        type: 3}
      propertyPath: m_LocalRotation.y
      value: 0
      objectReference: {fileID: 0}
    - target: {fileID: 4221329590934594400, guid: 2feb7617f3053f44bb16614b0d5fa5cc,
        type: 3}
      propertyPath: m_LocalRotation.z
      value: 0
      objectReference: {fileID: 0}
    - target: {fileID: 4221329590934594400, guid: 2feb7617f3053f44bb16614b0d5fa5cc,
        type: 3}
      propertyPath: m_LocalRotation.w
      value: 1
      objectReference: {fileID: 0}
    - target: {fileID: 4221329590934594400, guid: 2feb7617f3053f44bb16614b0d5fa5cc,
        type: 3}
      propertyPath: m_RootOrder
      value: 8
      objectReference: {fileID: 0}
    - target: {fileID: 4221329590934594400, guid: 2feb7617f3053f44bb16614b0d5fa5cc,
        type: 3}
      propertyPath: m_LocalEulerAnglesHint.x
      value: 0
      objectReference: {fileID: 0}
    - target: {fileID: 4221329590934594400, guid: 2feb7617f3053f44bb16614b0d5fa5cc,
        type: 3}
      propertyPath: m_LocalEulerAnglesHint.y
      value: 0
      objectReference: {fileID: 0}
    - target: {fileID: 4221329590934594400, guid: 2feb7617f3053f44bb16614b0d5fa5cc,
        type: 3}
      propertyPath: m_LocalEulerAnglesHint.z
      value: 0
      objectReference: {fileID: 0}
    m_RemovedComponents: []
  m_SourcePrefab: {fileID: 100100000, guid: 2feb7617f3053f44bb16614b0d5fa5cc, type: 3}
--- !u!4 &7141623671951586092 stripped
Transform:
  m_CorrespondingSourceObject: {fileID: 4221329590934594400, guid: 2feb7617f3053f44bb16614b0d5fa5cc,
    type: 3}
  m_PrefabInstance: {fileID: 6451696745829208140}
  m_PrefabAsset: {fileID: 0}
--- !u!1001 &6980378600213071631
PrefabInstance:
  m_ObjectHideFlags: 0
  serializedVersion: 2
  m_Modification:
    m_TransformParent: {fileID: 1720797683519251669}
    m_Modifications:
    - target: {fileID: 2068785438729490938, guid: b2ec5273045134443863df1ad0b05c44,
        type: 3}
      propertyPath: m_Name
      value: Pre_Jump (1)
      objectReference: {fileID: 0}
    - target: {fileID: 4221329590934594400, guid: b2ec5273045134443863df1ad0b05c44,
        type: 3}
      propertyPath: m_LocalPosition.x
      value: 0
      objectReference: {fileID: 0}
    - target: {fileID: 4221329590934594400, guid: b2ec5273045134443863df1ad0b05c44,
        type: 3}
      propertyPath: m_LocalPosition.y
      value: 0
      objectReference: {fileID: 0}
    - target: {fileID: 4221329590934594400, guid: b2ec5273045134443863df1ad0b05c44,
        type: 3}
      propertyPath: m_LocalPosition.z
      value: 0
      objectReference: {fileID: 0}
    - target: {fileID: 4221329590934594400, guid: b2ec5273045134443863df1ad0b05c44,
        type: 3}
      propertyPath: m_LocalRotation.x
      value: 0
      objectReference: {fileID: 0}
    - target: {fileID: 4221329590934594400, guid: b2ec5273045134443863df1ad0b05c44,
        type: 3}
      propertyPath: m_LocalRotation.y
      value: 0
      objectReference: {fileID: 0}
    - target: {fileID: 4221329590934594400, guid: b2ec5273045134443863df1ad0b05c44,
        type: 3}
      propertyPath: m_LocalRotation.z
      value: 0
      objectReference: {fileID: 0}
    - target: {fileID: 4221329590934594400, guid: b2ec5273045134443863df1ad0b05c44,
        type: 3}
      propertyPath: m_LocalRotation.w
      value: 1
      objectReference: {fileID: 0}
    - target: {fileID: 4221329590934594400, guid: b2ec5273045134443863df1ad0b05c44,
        type: 3}
      propertyPath: m_RootOrder
      value: 10
      objectReference: {fileID: 0}
    - target: {fileID: 4221329590934594400, guid: b2ec5273045134443863df1ad0b05c44,
        type: 3}
      propertyPath: m_LocalEulerAnglesHint.x
      value: 0
      objectReference: {fileID: 0}
    - target: {fileID: 4221329590934594400, guid: b2ec5273045134443863df1ad0b05c44,
        type: 3}
      propertyPath: m_LocalEulerAnglesHint.y
      value: 0
      objectReference: {fileID: 0}
    - target: {fileID: 4221329590934594400, guid: b2ec5273045134443863df1ad0b05c44,
        type: 3}
      propertyPath: m_LocalEulerAnglesHint.z
      value: 0
      objectReference: {fileID: 0}
    m_RemovedComponents: []
  m_SourcePrefab: {fileID: 100100000, guid: b2ec5273045134443863df1ad0b05c44, type: 3}
--- !u!4 &6506124486275769455 stripped
Transform:
  m_CorrespondingSourceObject: {fileID: 4221329590934594400, guid: b2ec5273045134443863df1ad0b05c44,
    type: 3}
  m_PrefabInstance: {fileID: 6980378600213071631}
  m_PrefabAsset: {fileID: 0}
--- !u!1001 &7087697465692303976
PrefabInstance:
  m_ObjectHideFlags: 0
  serializedVersion: 2
  m_Modification:
    m_TransformParent: {fileID: 1720797683519251669}
    m_Modifications:
    - target: {fileID: 2068785438729490938, guid: a2a515fce84dac04aaf25b3884f3d716,
        type: 3}
      propertyPath: m_Name
      value: Easy_17
      objectReference: {fileID: 0}
    - target: {fileID: 4221329590934594400, guid: a2a515fce84dac04aaf25b3884f3d716,
        type: 3}
      propertyPath: m_LocalPosition.x
      value: 0
      objectReference: {fileID: 0}
    - target: {fileID: 4221329590934594400, guid: a2a515fce84dac04aaf25b3884f3d716,
        type: 3}
      propertyPath: m_LocalPosition.y
      value: 0
      objectReference: {fileID: 0}
    - target: {fileID: 4221329590934594400, guid: a2a515fce84dac04aaf25b3884f3d716,
        type: 3}
      propertyPath: m_LocalPosition.z
      value: 0
      objectReference: {fileID: 0}
    - target: {fileID: 4221329590934594400, guid: a2a515fce84dac04aaf25b3884f3d716,
        type: 3}
      propertyPath: m_LocalRotation.x
      value: 0
      objectReference: {fileID: 0}
    - target: {fileID: 4221329590934594400, guid: a2a515fce84dac04aaf25b3884f3d716,
        type: 3}
      propertyPath: m_LocalRotation.y
      value: 0
      objectReference: {fileID: 0}
    - target: {fileID: 4221329590934594400, guid: a2a515fce84dac04aaf25b3884f3d716,
        type: 3}
      propertyPath: m_LocalRotation.z
      value: 0
      objectReference: {fileID: 0}
    - target: {fileID: 4221329590934594400, guid: a2a515fce84dac04aaf25b3884f3d716,
        type: 3}
      propertyPath: m_LocalRotation.w
      value: 1
      objectReference: {fileID: 0}
    - target: {fileID: 4221329590934594400, guid: a2a515fce84dac04aaf25b3884f3d716,
        type: 3}
      propertyPath: m_RootOrder
      value: 2
      objectReference: {fileID: 0}
    - target: {fileID: 4221329590934594400, guid: a2a515fce84dac04aaf25b3884f3d716,
        type: 3}
      propertyPath: m_LocalEulerAnglesHint.x
      value: 0
      objectReference: {fileID: 0}
    - target: {fileID: 4221329590934594400, guid: a2a515fce84dac04aaf25b3884f3d716,
        type: 3}
      propertyPath: m_LocalEulerAnglesHint.y
      value: 0
      objectReference: {fileID: 0}
    - target: {fileID: 4221329590934594400, guid: a2a515fce84dac04aaf25b3884f3d716,
        type: 3}
      propertyPath: m_LocalEulerAnglesHint.z
      value: 0
      objectReference: {fileID: 0}
    m_RemovedComponents: []
  m_SourcePrefab: {fileID: 100100000, guid: a2a515fce84dac04aaf25b3884f3d716, type: 3}
--- !u!4 &6397824718971785480 stripped
Transform:
  m_CorrespondingSourceObject: {fileID: 4221329590934594400, guid: a2a515fce84dac04aaf25b3884f3d716,
    type: 3}
  m_PrefabInstance: {fileID: 7087697465692303976}
  m_PrefabAsset: {fileID: 0}
--- !u!1001 &7994120826925501160
PrefabInstance:
  m_ObjectHideFlags: 0
  serializedVersion: 2
  m_Modification:
    m_TransformParent: {fileID: 1720797683519251669}
    m_Modifications:
    - target: {fileID: 2068785438729490938, guid: 40930de28b8f16d40b39c29c27eb22d3,
        type: 3}
      propertyPath: m_Name
      value: Easy_12
      objectReference: {fileID: 0}
    - target: {fileID: 4221329590934594400, guid: 40930de28b8f16d40b39c29c27eb22d3,
        type: 3}
      propertyPath: m_LocalPosition.x
      value: 0
      objectReference: {fileID: 0}
    - target: {fileID: 4221329590934594400, guid: 40930de28b8f16d40b39c29c27eb22d3,
        type: 3}
      propertyPath: m_LocalPosition.y
      value: 0
      objectReference: {fileID: 0}
    - target: {fileID: 4221329590934594400, guid: 40930de28b8f16d40b39c29c27eb22d3,
        type: 3}
      propertyPath: m_LocalPosition.z
      value: 0
      objectReference: {fileID: 0}
    - target: {fileID: 4221329590934594400, guid: 40930de28b8f16d40b39c29c27eb22d3,
        type: 3}
      propertyPath: m_LocalRotation.x
      value: 0
      objectReference: {fileID: 0}
    - target: {fileID: 4221329590934594400, guid: 40930de28b8f16d40b39c29c27eb22d3,
        type: 3}
      propertyPath: m_LocalRotation.y
      value: 0
      objectReference: {fileID: 0}
    - target: {fileID: 4221329590934594400, guid: 40930de28b8f16d40b39c29c27eb22d3,
        type: 3}
      propertyPath: m_LocalRotation.z
      value: 0
      objectReference: {fileID: 0}
    - target: {fileID: 4221329590934594400, guid: 40930de28b8f16d40b39c29c27eb22d3,
        type: 3}
      propertyPath: m_LocalRotation.w
      value: 1
      objectReference: {fileID: 0}
    - target: {fileID: 4221329590934594400, guid: 40930de28b8f16d40b39c29c27eb22d3,
        type: 3}
      propertyPath: m_RootOrder
      value: 9
      objectReference: {fileID: 0}
    - target: {fileID: 4221329590934594400, guid: 40930de28b8f16d40b39c29c27eb22d3,
        type: 3}
      propertyPath: m_LocalEulerAnglesHint.x
      value: 0
      objectReference: {fileID: 0}
    - target: {fileID: 4221329590934594400, guid: 40930de28b8f16d40b39c29c27eb22d3,
        type: 3}
      propertyPath: m_LocalEulerAnglesHint.y
      value: 0
      objectReference: {fileID: 0}
    - target: {fileID: 4221329590934594400, guid: 40930de28b8f16d40b39c29c27eb22d3,
        type: 3}
      propertyPath: m_LocalEulerAnglesHint.z
      value: 0
      objectReference: {fileID: 0}
    m_RemovedComponents: []
  m_SourcePrefab: {fileID: 100100000, guid: 40930de28b8f16d40b39c29c27eb22d3, type: 3}
--- !u!4 &6081546612448045448 stripped
Transform:
  m_CorrespondingSourceObject: {fileID: 4221329590934594400, guid: 40930de28b8f16d40b39c29c27eb22d3,
    type: 3}
  m_PrefabInstance: {fileID: 7994120826925501160}
  m_PrefabAsset: {fileID: 0}
--- !u!1001 &8363667242742220145
PrefabInstance:
  m_ObjectHideFlags: 0
  serializedVersion: 2
  m_Modification:
    m_TransformParent: {fileID: 1720797683519251669}
    m_Modifications:
    - target: {fileID: 2068785438729490938, guid: b2ec5273045134443863df1ad0b05c44,
        type: 3}
      propertyPath: m_Name
      value: Pre_Jump
      objectReference: {fileID: 0}
    - target: {fileID: 4221329590934594400, guid: b2ec5273045134443863df1ad0b05c44,
        type: 3}
      propertyPath: m_LocalPosition.x
      value: 0
      objectReference: {fileID: 0}
    - target: {fileID: 4221329590934594400, guid: b2ec5273045134443863df1ad0b05c44,
        type: 3}
      propertyPath: m_LocalPosition.y
      value: 0
      objectReference: {fileID: 0}
    - target: {fileID: 4221329590934594400, guid: b2ec5273045134443863df1ad0b05c44,
        type: 3}
      propertyPath: m_LocalPosition.z
      value: 0
      objectReference: {fileID: 0}
    - target: {fileID: 4221329590934594400, guid: b2ec5273045134443863df1ad0b05c44,
        type: 3}
      propertyPath: m_LocalRotation.x
      value: 0
      objectReference: {fileID: 0}
    - target: {fileID: 4221329590934594400, guid: b2ec5273045134443863df1ad0b05c44,
        type: 3}
      propertyPath: m_LocalRotation.y
      value: 0
      objectReference: {fileID: 0}
    - target: {fileID: 4221329590934594400, guid: b2ec5273045134443863df1ad0b05c44,
        type: 3}
      propertyPath: m_LocalRotation.z
      value: 0
      objectReference: {fileID: 0}
    - target: {fileID: 4221329590934594400, guid: b2ec5273045134443863df1ad0b05c44,
        type: 3}
      propertyPath: m_LocalRotation.w
      value: 1
      objectReference: {fileID: 0}
    - target: {fileID: 4221329590934594400, guid: b2ec5273045134443863df1ad0b05c44,
        type: 3}
      propertyPath: m_RootOrder
      value: 5
      objectReference: {fileID: 0}
    - target: {fileID: 4221329590934594400, guid: b2ec5273045134443863df1ad0b05c44,
        type: 3}
      propertyPath: m_LocalEulerAnglesHint.x
      value: 0
      objectReference: {fileID: 0}
    - target: {fileID: 4221329590934594400, guid: b2ec5273045134443863df1ad0b05c44,
        type: 3}
      propertyPath: m_LocalEulerAnglesHint.y
      value: 0
      objectReference: {fileID: 0}
    - target: {fileID: 4221329590934594400, guid: b2ec5273045134443863df1ad0b05c44,
        type: 3}
      propertyPath: m_LocalEulerAnglesHint.z
      value: 0
      objectReference: {fileID: 0}
    m_RemovedComponents: []
  m_SourcePrefab: {fileID: 100100000, guid: b2ec5273045134443863df1ad0b05c44, type: 3}
--- !u!4 &5657818481957594641 stripped
Transform:
  m_CorrespondingSourceObject: {fileID: 4221329590934594400, guid: b2ec5273045134443863df1ad0b05c44,
    type: 3}
  m_PrefabInstance: {fileID: 8363667242742220145}
  m_PrefabAsset: {fileID: 0}
--- !u!1001 &8402062408509007734
PrefabInstance:
  m_ObjectHideFlags: 0
  serializedVersion: 2
  m_Modification:
    m_TransformParent: {fileID: 1720797683519251669}
    m_Modifications:
    - target: {fileID: 2068785438729490938, guid: 90802cadc1297442496d47f76cb194e5,
        type: 3}
      propertyPath: m_Name
      value: Starter_01
      objectReference: {fileID: 0}
    - target: {fileID: 4221329590934594400, guid: 90802cadc1297442496d47f76cb194e5,
        type: 3}
      propertyPath: m_LocalPosition.x
      value: 0
      objectReference: {fileID: 0}
    - target: {fileID: 4221329590934594400, guid: 90802cadc1297442496d47f76cb194e5,
        type: 3}
      propertyPath: m_LocalPosition.y
      value: 0
      objectReference: {fileID: 0}
    - target: {fileID: 4221329590934594400, guid: 90802cadc1297442496d47f76cb194e5,
        type: 3}
      propertyPath: m_LocalPosition.z
      value: 0
      objectReference: {fileID: 0}
    - target: {fileID: 4221329590934594400, guid: 90802cadc1297442496d47f76cb194e5,
        type: 3}
      propertyPath: m_LocalRotation.x
      value: 0
      objectReference: {fileID: 0}
    - target: {fileID: 4221329590934594400, guid: 90802cadc1297442496d47f76cb194e5,
        type: 3}
      propertyPath: m_LocalRotation.y
      value: 0
      objectReference: {fileID: 0}
    - target: {fileID: 4221329590934594400, guid: 90802cadc1297442496d47f76cb194e5,
        type: 3}
      propertyPath: m_LocalRotation.z
      value: 0
      objectReference: {fileID: 0}
    - target: {fileID: 4221329590934594400, guid: 90802cadc1297442496d47f76cb194e5,
        type: 3}
      propertyPath: m_LocalRotation.w
      value: 1
      objectReference: {fileID: 0}
    - target: {fileID: 4221329590934594400, guid: 90802cadc1297442496d47f76cb194e5,
        type: 3}
      propertyPath: m_RootOrder
      value: 0
      objectReference: {fileID: 0}
    - target: {fileID: 4221329590934594400, guid: 90802cadc1297442496d47f76cb194e5,
        type: 3}
      propertyPath: m_LocalEulerAnglesHint.x
      value: 0
      objectReference: {fileID: 0}
    - target: {fileID: 4221329590934594400, guid: 90802cadc1297442496d47f76cb194e5,
        type: 3}
      propertyPath: m_LocalEulerAnglesHint.y
      value: 0
      objectReference: {fileID: 0}
    - target: {fileID: 4221329590934594400, guid: 90802cadc1297442496d47f76cb194e5,
        type: 3}
      propertyPath: m_LocalEulerAnglesHint.z
      value: 0
      objectReference: {fileID: 0}
    m_RemovedComponents: []
  m_SourcePrefab: {fileID: 100100000, guid: 90802cadc1297442496d47f76cb194e5, type: 3}
--- !u!4 &5624771476043842582 stripped
Transform:
  m_CorrespondingSourceObject: {fileID: 4221329590934594400, guid: 90802cadc1297442496d47f76cb194e5,
    type: 3}
  m_PrefabInstance: {fileID: 8402062408509007734}
  m_PrefabAsset: {fileID: 0}
--- !u!1001 &9174926641518025754
PrefabInstance:
  m_ObjectHideFlags: 0
  serializedVersion: 2
  m_Modification:
    m_TransformParent: {fileID: 1720797683519251669}
    m_Modifications:
    - target: {fileID: 2068785438729490938, guid: 9b86d8ae4cdb12f4e800c39c6992b970,
        type: 3}
      propertyPath: m_Name
      value: Landing
      objectReference: {fileID: 0}
    - target: {fileID: 4221329590934594400, guid: 9b86d8ae4cdb12f4e800c39c6992b970,
        type: 3}
      propertyPath: m_LocalPosition.x
      value: 0
      objectReference: {fileID: 0}
    - target: {fileID: 4221329590934594400, guid: 9b86d8ae4cdb12f4e800c39c6992b970,
        type: 3}
      propertyPath: m_LocalPosition.y
      value: -127
      objectReference: {fileID: 0}
    - target: {fileID: 4221329590934594400, guid: 9b86d8ae4cdb12f4e800c39c6992b970,
        type: 3}
      propertyPath: m_LocalPosition.z
      value: 0
      objectReference: {fileID: 0}
    - target: {fileID: 4221329590934594400, guid: 9b86d8ae4cdb12f4e800c39c6992b970,
        type: 3}
      propertyPath: m_LocalRotation.x
      value: 0
      objectReference: {fileID: 0}
    - target: {fileID: 4221329590934594400, guid: 9b86d8ae4cdb12f4e800c39c6992b970,
        type: 3}
      propertyPath: m_LocalRotation.y
      value: 0
      objectReference: {fileID: 0}
    - target: {fileID: 4221329590934594400, guid: 9b86d8ae4cdb12f4e800c39c6992b970,
        type: 3}
      propertyPath: m_LocalRotation.z
      value: 0
      objectReference: {fileID: 0}
    - target: {fileID: 4221329590934594400, guid: 9b86d8ae4cdb12f4e800c39c6992b970,
        type: 3}
      propertyPath: m_LocalRotation.w
      value: 1
      objectReference: {fileID: 0}
    - target: {fileID: 4221329590934594400, guid: 9b86d8ae4cdb12f4e800c39c6992b970,
        type: 3}
      propertyPath: m_RootOrder
      value: 6
      objectReference: {fileID: 0}
    - target: {fileID: 4221329590934594400, guid: 9b86d8ae4cdb12f4e800c39c6992b970,
        type: 3}
      propertyPath: m_LocalEulerAnglesHint.x
      value: 0
      objectReference: {fileID: 0}
    - target: {fileID: 4221329590934594400, guid: 9b86d8ae4cdb12f4e800c39c6992b970,
        type: 3}
      propertyPath: m_LocalEulerAnglesHint.y
      value: 0
      objectReference: {fileID: 0}
    - target: {fileID: 4221329590934594400, guid: 9b86d8ae4cdb12f4e800c39c6992b970,
        type: 3}
      propertyPath: m_LocalEulerAnglesHint.z
      value: 0
      objectReference: {fileID: 0}
    m_RemovedComponents: []
  m_SourcePrefab: {fileID: 100100000, guid: 9b86d8ae4cdb12f4e800c39c6992b970, type: 3}
--- !u!4 &5027934521173180282 stripped
Transform:
  m_CorrespondingSourceObject: {fileID: 4221329590934594400, guid: 9b86d8ae4cdb12f4e800c39c6992b970,
    type: 3}
  m_PrefabInstance: {fileID: 9174926641518025754}
  m_PrefabAsset: {fileID: 0}
