%YAML 1.1
%TAG !u! tag:unity3d.com,2011:
--- !u!1 &1720797683519251670
GameObject:
  m_ObjectHideFlags: 0
  m_CorrespondingSourceObject: {fileID: 0}
  m_PrefabInstance: {fileID: 0}
  m_PrefabAsset: {fileID: 0}
  serializedVersion: 6
  m_Component:
  - component: {fileID: 1720797683519251669}
  - component: {fileID: 1720797683519251668}
  m_Layer: 0
  m_Name: Level_3
  m_TagString: Untagged
  m_Icon: {fileID: 0}
  m_NavMeshLayer: 0
  m_StaticEditorFlags: 0
  m_IsActive: 1
--- !u!4 &1720797683519251669
Transform:
  m_ObjectHideFlags: 0
  m_CorrespondingSourceObject: {fileID: 0}
  m_PrefabInstance: {fileID: 0}
  m_PrefabAsset: {fileID: 0}
  m_GameObject: {fileID: 1720797683519251670}
  m_LocalRotation: {x: 0, y: 0, z: 0, w: 1}
  m_LocalPosition: {x: 0, y: 0, z: 0}
  m_LocalScale: {x: 1, y: 1, z: 1}
  m_Children:
  - {fileID: 5624771476043842582}
  - {fileID: 4402172036568077925}
  - {fileID: 2280651289723845936}
  - {fileID: 3897411850246832427}
  - {fileID: 6799891481791889613}
  - {fileID: 5588725566914073256}
  - {fileID: 3203353121375479391}
  - {fileID: 1447178675371494836}
  - {fileID: 8656544304364505144}
  - {fileID: 8744319630945085622}
  m_Father: {fileID: 0}
  m_RootOrder: 0
  m_LocalEulerAnglesHint: {x: 0, y: 0, z: 0}
--- !u!114 &1720797683519251668
MonoBehaviour:
  m_ObjectHideFlags: 0
  m_CorrespondingSourceObject: {fileID: 0}
  m_PrefabInstance: {fileID: 0}
  m_PrefabAsset: {fileID: 0}
  m_GameObject: {fileID: 1720797683519251670}
  m_Enabled: 1
  m_EditorHideFlags: 0
  m_Script: {fileID: 11500000, guid: c55a68c18d641428b87ca595c48e5d3b, type: 3}
  m_Name: 
  m_EditorClassIdentifier: 
  stars: 0
  id: 3
  levelTimer: 30
  SkyboxMatStart: {fileID: 2100000, guid: 39e8e6389b493b640b7ad0a0d8b1226a, type: 2}
  SkyboxMatEnd: {fileID: 2100000, guid: 4e17efcf069bf441d9ac6a0c13ac18cc, type: 2}
--- !u!1001 &541140869773538565
PrefabInstance:
  m_ObjectHideFlags: 0
  serializedVersion: 2
  m_Modification:
    m_TransformParent: {fileID: 1720797683519251669}
    m_Modifications:
    - target: {fileID: 2068785438729490938, guid: 934247c54bc174543ac32147d7e431b8,
        type: 3}
      propertyPath: m_Name
      value: Easy_10
      objectReference: {fileID: 0}
    - target: {fileID: 4221329590934594400, guid: 934247c54bc174543ac32147d7e431b8,
        type: 3}
      propertyPath: m_LocalPosition.x
      value: 0
      objectReference: {fileID: 0}
    - target: {fileID: 4221329590934594400, guid: 934247c54bc174543ac32147d7e431b8,
        type: 3}
      propertyPath: m_LocalPosition.y
      value: 0
      objectReference: {fileID: 0}
    - target: {fileID: 4221329590934594400, guid: 934247c54bc174543ac32147d7e431b8,
        type: 3}
      propertyPath: m_LocalPosition.z
      value: 0
      objectReference: {fileID: 0}
    - target: {fileID: 4221329590934594400, guid: 934247c54bc174543ac32147d7e431b8,
        type: 3}
      propertyPath: m_LocalRotation.x
      value: 0
      objectReference: {fileID: 0}
    - target: {fileID: 4221329590934594400, guid: 934247c54bc174543ac32147d7e431b8,
        type: 3}
      propertyPath: m_LocalRotation.y
      value: 0
      objectReference: {fileID: 0}
    - target: {fileID: 4221329590934594400, guid: 934247c54bc174543ac32147d7e431b8,
        type: 3}
      propertyPath: m_LocalRotation.z
      value: 0
      objectReference: {fileID: 0}
    - target: {fileID: 4221329590934594400, guid: 934247c54bc174543ac32147d7e431b8,
        type: 3}
      propertyPath: m_LocalRotation.w
      value: 1
      objectReference: {fileID: 0}
    - target: {fileID: 4221329590934594400, guid: 934247c54bc174543ac32147d7e431b8,
        type: 3}
      propertyPath: m_RootOrder
      value: 1
      objectReference: {fileID: 0}
    - target: {fileID: 4221329590934594400, guid: 934247c54bc174543ac32147d7e431b8,
        type: 3}
      propertyPath: m_LocalEulerAnglesHint.x
      value: 0
      objectReference: {fileID: 0}
    - target: {fileID: 4221329590934594400, guid: 934247c54bc174543ac32147d7e431b8,
        type: 3}
      propertyPath: m_LocalEulerAnglesHint.y
      value: 0
      objectReference: {fileID: 0}
    - target: {fileID: 4221329590934594400, guid: 934247c54bc174543ac32147d7e431b8,
        type: 3}
      propertyPath: m_LocalEulerAnglesHint.z
      value: 0
      objectReference: {fileID: 0}
    m_RemovedComponents: []
  m_SourcePrefab: {fileID: 100100000, guid: 934247c54bc174543ac32147d7e431b8, type: 3}
--- !u!4 &4402172036568077925 stripped
Transform:
  m_CorrespondingSourceObject: {fileID: 4221329590934594400, guid: 934247c54bc174543ac32147d7e431b8,
    type: 3}
  m_PrefabInstance: {fileID: 541140869773538565}
  m_PrefabAsset: {fileID: 0}
--- !u!1001 &901651796321903179
PrefabInstance:
  m_ObjectHideFlags: 0
  serializedVersion: 2
  m_Modification:
    m_TransformParent: {fileID: 1720797683519251669}
    m_Modifications:
    - target: {fileID: 2068785438729490938, guid: 7931f2a5d2d89894aa646c60fac7b3a0,
        type: 3}
      propertyPath: m_Name
      value: Easy_04
      objectReference: {fileID: 0}
    - target: {fileID: 4221329590934594400, guid: 7931f2a5d2d89894aa646c60fac7b3a0,
        type: 3}
      propertyPath: m_LocalPosition.x
      value: 0
      objectReference: {fileID: 0}
    - target: {fileID: 4221329590934594400, guid: 7931f2a5d2d89894aa646c60fac7b3a0,
        type: 3}
      propertyPath: m_LocalPosition.y
      value: 0
      objectReference: {fileID: 0}
    - target: {fileID: 4221329590934594400, guid: 7931f2a5d2d89894aa646c60fac7b3a0,
        type: 3}
      propertyPath: m_LocalPosition.z
      value: 0
      objectReference: {fileID: 0}
    - target: {fileID: 4221329590934594400, guid: 7931f2a5d2d89894aa646c60fac7b3a0,
        type: 3}
      propertyPath: m_LocalRotation.x
      value: 0
      objectReference: {fileID: 0}
    - target: {fileID: 4221329590934594400, guid: 7931f2a5d2d89894aa646c60fac7b3a0,
        type: 3}
      propertyPath: m_LocalRotation.y
      value: 0
      objectReference: {fileID: 0}
    - target: {fileID: 4221329590934594400, guid: 7931f2a5d2d89894aa646c60fac7b3a0,
        type: 3}
      propertyPath: m_LocalRotation.z
      value: 0
      objectReference: {fileID: 0}
    - target: {fileID: 4221329590934594400, guid: 7931f2a5d2d89894aa646c60fac7b3a0,
        type: 3}
      propertyPath: m_LocalRotation.w
      value: 1
      objectReference: {fileID: 0}
    - target: {fileID: 4221329590934594400, guid: 7931f2a5d2d89894aa646c60fac7b3a0,
        type: 3}
      propertyPath: m_RootOrder
      value: 3
      objectReference: {fileID: 0}
    - target: {fileID: 4221329590934594400, guid: 7931f2a5d2d89894aa646c60fac7b3a0,
        type: 3}
      propertyPath: m_LocalEulerAnglesHint.x
      value: 0
      objectReference: {fileID: 0}
    - target: {fileID: 4221329590934594400, guid: 7931f2a5d2d89894aa646c60fac7b3a0,
        type: 3}
      propertyPath: m_LocalEulerAnglesHint.y
      value: 0
      objectReference: {fileID: 0}
    - target: {fileID: 4221329590934594400, guid: 7931f2a5d2d89894aa646c60fac7b3a0,
        type: 3}
      propertyPath: m_LocalEulerAnglesHint.z
      value: 0
      objectReference: {fileID: 0}
    m_RemovedComponents: []
  m_SourcePrefab: {fileID: 100100000, guid: 7931f2a5d2d89894aa646c60fac7b3a0, type: 3}
--- !u!4 &3897411850246832427 stripped
Transform:
  m_CorrespondingSourceObject: {fileID: 4221329590934594400, guid: 7931f2a5d2d89894aa646c60fac7b3a0,
    type: 3}
  m_PrefabInstance: {fileID: 901651796321903179}
  m_PrefabAsset: {fileID: 0}
--- !u!1001 &1648797214186210623
PrefabInstance:
  m_ObjectHideFlags: 0
  serializedVersion: 2
  m_Modification:
    m_TransformParent: {fileID: 1720797683519251669}
    m_Modifications:
    - target: {fileID: 2068785438729490938, guid: e57a2cab7e05e7e4490a29797ea9dae4,
        type: 3}
      propertyPath: m_Name
      value: Easy_15
      objectReference: {fileID: 0}
    - target: {fileID: 4221329590934594400, guid: e57a2cab7e05e7e4490a29797ea9dae4,
        type: 3}
      propertyPath: m_LocalPosition.x
      value: 0
      objectReference: {fileID: 0}
    - target: {fileID: 4221329590934594400, guid: e57a2cab7e05e7e4490a29797ea9dae4,
        type: 3}
      propertyPath: m_LocalPosition.y
      value: 0
      objectReference: {fileID: 0}
    - target: {fileID: 4221329590934594400, guid: e57a2cab7e05e7e4490a29797ea9dae4,
        type: 3}
      propertyPath: m_LocalPosition.z
      value: 0
      objectReference: {fileID: 0}
    - target: {fileID: 4221329590934594400, guid: e57a2cab7e05e7e4490a29797ea9dae4,
        type: 3}
      propertyPath: m_LocalRotation.x
      value: 0
      objectReference: {fileID: 0}
    - target: {fileID: 4221329590934594400, guid: e57a2cab7e05e7e4490a29797ea9dae4,
        type: 3}
      propertyPath: m_LocalRotation.y
      value: 0
      objectReference: {fileID: 0}
    - target: {fileID: 4221329590934594400, guid: e57a2cab7e05e7e4490a29797ea9dae4,
        type: 3}
      propertyPath: m_LocalRotation.z
      value: 0
      objectReference: {fileID: 0}
    - target: {fileID: 4221329590934594400, guid: e57a2cab7e05e7e4490a29797ea9dae4,
        type: 3}
      propertyPath: m_LocalRotation.w
      value: 1
      objectReference: {fileID: 0}
    - target: {fileID: 4221329590934594400, guid: e57a2cab7e05e7e4490a29797ea9dae4,
        type: 3}
      propertyPath: m_RootOrder
      value: 6
      objectReference: {fileID: 0}
    - target: {fileID: 4221329590934594400, guid: e57a2cab7e05e7e4490a29797ea9dae4,
        type: 3}
      propertyPath: m_LocalEulerAnglesHint.x
      value: 0
      objectReference: {fileID: 0}
    - target: {fileID: 4221329590934594400, guid: e57a2cab7e05e7e4490a29797ea9dae4,
        type: 3}
      propertyPath: m_LocalEulerAnglesHint.y
      value: 0
      objectReference: {fileID: 0}
    - target: {fileID: 4221329590934594400, guid: e57a2cab7e05e7e4490a29797ea9dae4,
        type: 3}
      propertyPath: m_LocalEulerAnglesHint.z
      value: 0
      objectReference: {fileID: 0}
    m_RemovedComponents: []
  m_SourcePrefab: {fileID: 100100000, guid: e57a2cab7e05e7e4490a29797ea9dae4, type: 3}
--- !u!4 &3203353121375479391 stripped
Transform:
  m_CorrespondingSourceObject: {fileID: 4221329590934594400, guid: e57a2cab7e05e7e4490a29797ea9dae4,
    type: 3}
  m_PrefabInstance: {fileID: 1648797214186210623}
  m_PrefabAsset: {fileID: 0}
--- !u!1001 &2680676032298016336
PrefabInstance:
  m_ObjectHideFlags: 0
  serializedVersion: 2
  m_Modification:
    m_TransformParent: {fileID: 1720797683519251669}
    m_Modifications:
    - target: {fileID: 2068785438729490938, guid: 24c60b4e2aef4c443bdaa69a035b63b9,
        type: 3}
      propertyPath: m_Name
      value: Easy_14
      objectReference: {fileID: 0}
    - target: {fileID: 4221329590934594400, guid: 24c60b4e2aef4c443bdaa69a035b63b9,
        type: 3}
      propertyPath: m_LocalPosition.x
      value: 0
      objectReference: {fileID: 0}
    - target: {fileID: 4221329590934594400, guid: 24c60b4e2aef4c443bdaa69a035b63b9,
        type: 3}
      propertyPath: m_LocalPosition.y
      value: 0
      objectReference: {fileID: 0}
    - target: {fileID: 4221329590934594400, guid: 24c60b4e2aef4c443bdaa69a035b63b9,
        type: 3}
      propertyPath: m_LocalPosition.z
      value: 0
      objectReference: {fileID: 0}
    - target: {fileID: 4221329590934594400, guid: 24c60b4e2aef4c443bdaa69a035b63b9,
        type: 3}
      propertyPath: m_LocalRotation.x
      value: 0
      objectReference: {fileID: 0}
    - target: {fileID: 4221329590934594400, guid: 24c60b4e2aef4c443bdaa69a035b63b9,
        type: 3}
      propertyPath: m_LocalRotation.y
      value: 0
      objectReference: {fileID: 0}
    - target: {fileID: 4221329590934594400, guid: 24c60b4e2aef4c443bdaa69a035b63b9,
        type: 3}
      propertyPath: m_LocalRotation.z
      value: 0
      objectReference: {fileID: 0}
    - target: {fileID: 4221329590934594400, guid: 24c60b4e2aef4c443bdaa69a035b63b9,
        type: 3}
      propertyPath: m_LocalRotation.w
      value: 1
      objectReference: {fileID: 0}
    - target: {fileID: 4221329590934594400, guid: 24c60b4e2aef4c443bdaa69a035b63b9,
        type: 3}
      propertyPath: m_RootOrder
      value: 2
      objectReference: {fileID: 0}
    - target: {fileID: 4221329590934594400, guid: 24c60b4e2aef4c443bdaa69a035b63b9,
        type: 3}
      propertyPath: m_LocalEulerAnglesHint.x
      value: 0
      objectReference: {fileID: 0}
    - target: {fileID: 4221329590934594400, guid: 24c60b4e2aef4c443bdaa69a035b63b9,
        type: 3}
      propertyPath: m_LocalEulerAnglesHint.y
      value: 0
      objectReference: {fileID: 0}
    - target: {fileID: 4221329590934594400, guid: 24c60b4e2aef4c443bdaa69a035b63b9,
        type: 3}
      propertyPath: m_LocalEulerAnglesHint.z
      value: 0
      objectReference: {fileID: 0}
    m_RemovedComponents: []
  m_SourcePrefab: {fileID: 100100000, guid: 24c60b4e2aef4c443bdaa69a035b63b9, type: 3}
--- !u!4 &2280651289723845936 stripped
Transform:
  m_CorrespondingSourceObject: {fileID: 4221329590934594400, guid: 24c60b4e2aef4c443bdaa69a035b63b9,
    type: 3}
  m_PrefabInstance: {fileID: 2680676032298016336}
  m_PrefabAsset: {fileID: 0}
--- !u!1001 &3350754761145691860
PrefabInstance:
  m_ObjectHideFlags: 0
  serializedVersion: 2
  m_Modification:
    m_TransformParent: {fileID: 1720797683519251669}
    m_Modifications:
    - target: {fileID: 2068785438729490938, guid: 50d0770f064266f458d2e8e3643d94f8,
        type: 3}
      propertyPath: m_Name
      value: Easy_18
      objectReference: {fileID: 0}
    - target: {fileID: 4221329590934594400, guid: 50d0770f064266f458d2e8e3643d94f8,
        type: 3}
      propertyPath: m_LocalPosition.x
      value: 0
      objectReference: {fileID: 0}
    - target: {fileID: 4221329590934594400, guid: 50d0770f064266f458d2e8e3643d94f8,
        type: 3}
      propertyPath: m_LocalPosition.y
      value: 0
      objectReference: {fileID: 0}
    - target: {fileID: 4221329590934594400, guid: 50d0770f064266f458d2e8e3643d94f8,
        type: 3}
      propertyPath: m_LocalPosition.z
      value: 0
      objectReference: {fileID: 0}
    - target: {fileID: 4221329590934594400, guid: 50d0770f064266f458d2e8e3643d94f8,
        type: 3}
      propertyPath: m_LocalRotation.x
      value: 0
      objectReference: {fileID: 0}
    - target: {fileID: 4221329590934594400, guid: 50d0770f064266f458d2e8e3643d94f8,
        type: 3}
      propertyPath: m_LocalRotation.y
      value: 0
      objectReference: {fileID: 0}
    - target: {fileID: 4221329590934594400, guid: 50d0770f064266f458d2e8e3643d94f8,
        type: 3}
      propertyPath: m_LocalRotation.z
      value: 0
      objectReference: {fileID: 0}
    - target: {fileID: 4221329590934594400, guid: 50d0770f064266f458d2e8e3643d94f8,
        type: 3}
      propertyPath: m_LocalRotation.w
      value: 1
      objectReference: {fileID: 0}
    - target: {fileID: 4221329590934594400, guid: 50d0770f064266f458d2e8e3643d94f8,
        type: 3}
      propertyPath: m_RootOrder
      value: 7
      objectReference: {fileID: 0}
    - target: {fileID: 4221329590934594400, guid: 50d0770f064266f458d2e8e3643d94f8,
        type: 3}
      propertyPath: m_LocalEulerAnglesHint.x
      value: 0
      objectReference: {fileID: 0}
    - target: {fileID: 4221329590934594400, guid: 50d0770f064266f458d2e8e3643d94f8,
        type: 3}
      propertyPath: m_LocalEulerAnglesHint.y
      value: 0
      objectReference: {fileID: 0}
    - target: {fileID: 4221329590934594400, guid: 50d0770f064266f458d2e8e3643d94f8,
        type: 3}
      propertyPath: m_LocalEulerAnglesHint.z
      value: 0
      objectReference: {fileID: 0}
    m_RemovedComponents: []
  m_SourcePrefab: {fileID: 100100000, guid: 50d0770f064266f458d2e8e3643d94f8, type: 3}
--- !u!4 &1447178675371494836 stripped
Transform:
  m_CorrespondingSourceObject: {fileID: 4221329590934594400, guid: 50d0770f064266f458d2e8e3643d94f8,
    type: 3}
  m_PrefabInstance: {fileID: 3350754761145691860}
  m_PrefabAsset: {fileID: 0}
--- !u!1001 &4807335091272657752
PrefabInstance:
  m_ObjectHideFlags: 0
  serializedVersion: 2
  m_Modification:
    m_TransformParent: {fileID: 1720797683519251669}
    m_Modifications:
    - target: {fileID: 2068785438729490938, guid: 97bae2ea8f729af4fb6a8d28a96853b9,
        type: 3}
      propertyPath: m_Name
      value: Easy_06
      objectReference: {fileID: 0}
    - target: {fileID: 4221329590934594400, guid: 97bae2ea8f729af4fb6a8d28a96853b9,
        type: 3}
      propertyPath: m_LocalPosition.x
      value: 0
      objectReference: {fileID: 0}
    - target: {fileID: 4221329590934594400, guid: 97bae2ea8f729af4fb6a8d28a96853b9,
        type: 3}
      propertyPath: m_LocalPosition.y
      value: 0
      objectReference: {fileID: 0}
    - target: {fileID: 4221329590934594400, guid: 97bae2ea8f729af4fb6a8d28a96853b9,
        type: 3}
      propertyPath: m_LocalPosition.z
      value: 0
      objectReference: {fileID: 0}
    - target: {fileID: 4221329590934594400, guid: 97bae2ea8f729af4fb6a8d28a96853b9,
        type: 3}
      propertyPath: m_LocalRotation.x
      value: 0
      objectReference: {fileID: 0}
    - target: {fileID: 4221329590934594400, guid: 97bae2ea8f729af4fb6a8d28a96853b9,
        type: 3}
      propertyPath: m_LocalRotation.y
      value: 0
      objectReference: {fileID: 0}
    - target: {fileID: 4221329590934594400, guid: 97bae2ea8f729af4fb6a8d28a96853b9,
        type: 3}
      propertyPath: m_LocalRotation.z
      value: 0
      objectReference: {fileID: 0}
    - target: {fileID: 4221329590934594400, guid: 97bae2ea8f729af4fb6a8d28a96853b9,
        type: 3}
      propertyPath: m_LocalRotation.w
      value: 1
      objectReference: {fileID: 0}
    - target: {fileID: 4221329590934594400, guid: 97bae2ea8f729af4fb6a8d28a96853b9,
        type: 3}
      propertyPath: m_RootOrder
      value: 8
      objectReference: {fileID: 0}
    - target: {fileID: 4221329590934594400, guid: 97bae2ea8f729af4fb6a8d28a96853b9,
        type: 3}
      propertyPath: m_LocalEulerAnglesHint.x
      value: 0
      objectReference: {fileID: 0}
    - target: {fileID: 4221329590934594400, guid: 97bae2ea8f729af4fb6a8d28a96853b9,
        type: 3}
      propertyPath: m_LocalEulerAnglesHint.y
      value: 0
      objectReference: {fileID: 0}
    - target: {fileID: 4221329590934594400, guid: 97bae2ea8f729af4fb6a8d28a96853b9,
        type: 3}
      propertyPath: m_LocalEulerAnglesHint.z
      value: 0
      objectReference: {fileID: 0}
    m_RemovedComponents: []
  m_SourcePrefab: {fileID: 100100000, guid: 97bae2ea8f729af4fb6a8d28a96853b9, type: 3}
--- !u!4 &8656544304364505144 stripped
Transform:
  m_CorrespondingSourceObject: {fileID: 4221329590934594400, guid: 97bae2ea8f729af4fb6a8d28a96853b9,
    type: 3}
  m_PrefabInstance: {fileID: 4807335091272657752}
  m_PrefabAsset: {fileID: 0}
--- !u!1001 &4886190891480681430
PrefabInstance:
  m_ObjectHideFlags: 0
  serializedVersion: 2
  m_Modification:
    m_TransformParent: {fileID: 1720797683519251669}
    m_Modifications:
    - target: {fileID: 2068785438729490938, guid: 7eab5da0a774041769ec26305dac2bfd,
        type: 3}
      propertyPath: m_Name
      value: Finisher_01
      objectReference: {fileID: 0}
    - target: {fileID: 4221329590934594400, guid: 7eab5da0a774041769ec26305dac2bfd,
        type: 3}
      propertyPath: m_LocalPosition.x
      value: 0
      objectReference: {fileID: 0}
    - target: {fileID: 4221329590934594400, guid: 7eab5da0a774041769ec26305dac2bfd,
        type: 3}
      propertyPath: m_LocalPosition.y
      value: 0
      objectReference: {fileID: 0}
    - target: {fileID: 4221329590934594400, guid: 7eab5da0a774041769ec26305dac2bfd,
        type: 3}
      propertyPath: m_LocalPosition.z
      value: 0
      objectReference: {fileID: 0}
    - target: {fileID: 4221329590934594400, guid: 7eab5da0a774041769ec26305dac2bfd,
        type: 3}
      propertyPath: m_LocalRotation.x
      value: 0
      objectReference: {fileID: 0}
    - target: {fileID: 4221329590934594400, guid: 7eab5da0a774041769ec26305dac2bfd,
        type: 3}
      propertyPath: m_LocalRotation.y
      value: 0
      objectReference: {fileID: 0}
    - target: {fileID: 4221329590934594400, guid: 7eab5da0a774041769ec26305dac2bfd,
        type: 3}
      propertyPath: m_LocalRotation.z
      value: 0
      objectReference: {fileID: 0}
    - target: {fileID: 4221329590934594400, guid: 7eab5da0a774041769ec26305dac2bfd,
        type: 3}
      propertyPath: m_LocalRotation.w
      value: 1
      objectReference: {fileID: 0}
    - target: {fileID: 4221329590934594400, guid: 7eab5da0a774041769ec26305dac2bfd,
        type: 3}
      propertyPath: m_RootOrder
      value: 9
      objectReference: {fileID: 0}
    - target: {fileID: 4221329590934594400, guid: 7eab5da0a774041769ec26305dac2bfd,
        type: 3}
      propertyPath: m_LocalEulerAnglesHint.x
      value: 0
      objectReference: {fileID: 0}
    - target: {fileID: 4221329590934594400, guid: 7eab5da0a774041769ec26305dac2bfd,
        type: 3}
      propertyPath: m_LocalEulerAnglesHint.y
      value: 0
      objectReference: {fileID: 0}
    - target: {fileID: 4221329590934594400, guid: 7eab5da0a774041769ec26305dac2bfd,
        type: 3}
      propertyPath: m_LocalEulerAnglesHint.z
      value: 0
      objectReference: {fileID: 0}
    m_RemovedComponents: []
  m_SourcePrefab: {fileID: 100100000, guid: 7eab5da0a774041769ec26305dac2bfd, type: 3}
--- !u!4 &8744319630945085622 stripped
Transform:
  m_CorrespondingSourceObject: {fileID: 4221329590934594400, guid: 7eab5da0a774041769ec26305dac2bfd,
    type: 3}
  m_PrefabInstance: {fileID: 4886190891480681430}
  m_PrefabAsset: {fileID: 0}
--- !u!1001 &7262966597590541229
PrefabInstance:
  m_ObjectHideFlags: 0
  serializedVersion: 2
  m_Modification:
    m_TransformParent: {fileID: 1720797683519251669}
    m_Modifications:
    - target: {fileID: 2068785438729490938, guid: 9b86d8ae4cdb12f4e800c39c6992b970,
        type: 3}
      propertyPath: m_Name
      value: Landing
      objectReference: {fileID: 0}
    - target: {fileID: 4221329590934594400, guid: 9b86d8ae4cdb12f4e800c39c6992b970,
        type: 3}
      propertyPath: m_LocalPosition.x
      value: 0
      objectReference: {fileID: 0}
    - target: {fileID: 4221329590934594400, guid: 9b86d8ae4cdb12f4e800c39c6992b970,
        type: 3}
      propertyPath: m_LocalPosition.y
      value: 0
      objectReference: {fileID: 0}
    - target: {fileID: 4221329590934594400, guid: 9b86d8ae4cdb12f4e800c39c6992b970,
        type: 3}
      propertyPath: m_LocalPosition.z
      value: 0
      objectReference: {fileID: 0}
    - target: {fileID: 4221329590934594400, guid: 9b86d8ae4cdb12f4e800c39c6992b970,
        type: 3}
      propertyPath: m_LocalRotation.x
      value: 0
      objectReference: {fileID: 0}
    - target: {fileID: 4221329590934594400, guid: 9b86d8ae4cdb12f4e800c39c6992b970,
        type: 3}
      propertyPath: m_LocalRotation.y
      value: 0
      objectReference: {fileID: 0}
    - target: {fileID: 4221329590934594400, guid: 9b86d8ae4cdb12f4e800c39c6992b970,
        type: 3}
      propertyPath: m_LocalRotation.z
      value: 0
      objectReference: {fileID: 0}
    - target: {fileID: 4221329590934594400, guid: 9b86d8ae4cdb12f4e800c39c6992b970,
        type: 3}
      propertyPath: m_LocalRotation.w
      value: 1
      objectReference: {fileID: 0}
    - target: {fileID: 4221329590934594400, guid: 9b86d8ae4cdb12f4e800c39c6992b970,
        type: 3}
      propertyPath: m_RootOrder
      value: 4
      objectReference: {fileID: 0}
    - target: {fileID: 4221329590934594400, guid: 9b86d8ae4cdb12f4e800c39c6992b970,
        type: 3}
      propertyPath: m_LocalEulerAnglesHint.x
      value: 0
      objectReference: {fileID: 0}
    - target: {fileID: 4221329590934594400, guid: 9b86d8ae4cdb12f4e800c39c6992b970,
        type: 3}
      propertyPath: m_LocalEulerAnglesHint.y
      value: 0
      objectReference: {fileID: 0}
    - target: {fileID: 4221329590934594400, guid: 9b86d8ae4cdb12f4e800c39c6992b970,
        type: 3}
      propertyPath: m_LocalEulerAnglesHint.z
      value: 0
      objectReference: {fileID: 0}
    m_RemovedComponents: []
  m_SourcePrefab: {fileID: 100100000, guid: 9b86d8ae4cdb12f4e800c39c6992b970, type: 3}
--- !u!4 &6799891481791889613 stripped
Transform:
  m_CorrespondingSourceObject: {fileID: 4221329590934594400, guid: 9b86d8ae4cdb12f4e800c39c6992b970,
    type: 3}
  m_PrefabInstance: {fileID: 7262966597590541229}
  m_PrefabAsset: {fileID: 0}
--- !u!1001 &8402062408509007734
PrefabInstance:
  m_ObjectHideFlags: 0
  serializedVersion: 2
  m_Modification:
    m_TransformParent: {fileID: 1720797683519251669}
    m_Modifications:
    - target: {fileID: 2068785438729490938, guid: 90802cadc1297442496d47f76cb194e5,
        type: 3}
      propertyPath: m_Name
      value: Starter_01
      objectReference: {fileID: 0}
    - target: {fileID: 4221329590934594400, guid: 90802cadc1297442496d47f76cb194e5,
        type: 3}
      propertyPath: m_LocalPosition.x
      value: 0
      objectReference: {fileID: 0}
    - target: {fileID: 4221329590934594400, guid: 90802cadc1297442496d47f76cb194e5,
        type: 3}
      propertyPath: m_LocalPosition.y
      value: 0
      objectReference: {fileID: 0}
    - target: {fileID: 4221329590934594400, guid: 90802cadc1297442496d47f76cb194e5,
        type: 3}
      propertyPath: m_LocalPosition.z
      value: 0
      objectReference: {fileID: 0}
    - target: {fileID: 4221329590934594400, guid: 90802cadc1297442496d47f76cb194e5,
        type: 3}
      propertyPath: m_LocalRotation.x
      value: 0
      objectReference: {fileID: 0}
    - target: {fileID: 4221329590934594400, guid: 90802cadc1297442496d47f76cb194e5,
        type: 3}
      propertyPath: m_LocalRotation.y
      value: 0
      objectReference: {fileID: 0}
    - target: {fileID: 4221329590934594400, guid: 90802cadc1297442496d47f76cb194e5,
        type: 3}
      propertyPath: m_LocalRotation.z
      value: 0
      objectReference: {fileID: 0}
    - target: {fileID: 4221329590934594400, guid: 90802cadc1297442496d47f76cb194e5,
        type: 3}
      propertyPath: m_LocalRotation.w
      value: 1
      objectReference: {fileID: 0}
    - target: {fileID: 4221329590934594400, guid: 90802cadc1297442496d47f76cb194e5,
        type: 3}
      propertyPath: m_RootOrder
      value: 0
      objectReference: {fileID: 0}
    - target: {fileID: 4221329590934594400, guid: 90802cadc1297442496d47f76cb194e5,
        type: 3}
      propertyPath: m_LocalEulerAnglesHint.x
      value: 0
      objectReference: {fileID: 0}
    - target: {fileID: 4221329590934594400, guid: 90802cadc1297442496d47f76cb194e5,
        type: 3}
      propertyPath: m_LocalEulerAnglesHint.y
      value: 0
      objectReference: {fileID: 0}
    - target: {fileID: 4221329590934594400, guid: 90802cadc1297442496d47f76cb194e5,
        type: 3}
      propertyPath: m_LocalEulerAnglesHint.z
      value: 0
      objectReference: {fileID: 0}
    m_RemovedComponents: []
  m_SourcePrefab: {fileID: 100100000, guid: 90802cadc1297442496d47f76cb194e5, type: 3}
--- !u!4 &5624771476043842582 stripped
Transform:
  m_CorrespondingSourceObject: {fileID: 4221329590934594400, guid: 90802cadc1297442496d47f76cb194e5,
    type: 3}
  m_PrefabInstance: {fileID: 8402062408509007734}
  m_PrefabAsset: {fileID: 0}
--- !u!1001 &8582181588837528008
PrefabInstance:
  m_ObjectHideFlags: 0
  serializedVersion: 2
  m_Modification:
    m_TransformParent: {fileID: 1720797683519251669}
    m_Modifications:
    - target: {fileID: 2068785438729490938, guid: a40dd88bda1a50a44a8cbfbf4a5f49b5,
        type: 3}
      propertyPath: m_Name
      value: Easy_16
      objectReference: {fileID: 0}
    - target: {fileID: 4221329590934594400, guid: a40dd88bda1a50a44a8cbfbf4a5f49b5,
        type: 3}
      propertyPath: m_LocalPosition.x
      value: 0
      objectReference: {fileID: 0}
    - target: {fileID: 4221329590934594400, guid: a40dd88bda1a50a44a8cbfbf4a5f49b5,
        type: 3}
      propertyPath: m_LocalPosition.y
      value: 0
      objectReference: {fileID: 0}
    - target: {fileID: 4221329590934594400, guid: a40dd88bda1a50a44a8cbfbf4a5f49b5,
        type: 3}
      propertyPath: m_LocalPosition.z
      value: 0
      objectReference: {fileID: 0}
    - target: {fileID: 4221329590934594400, guid: a40dd88bda1a50a44a8cbfbf4a5f49b5,
        type: 3}
      propertyPath: m_LocalRotation.x
      value: 0
      objectReference: {fileID: 0}
    - target: {fileID: 4221329590934594400, guid: a40dd88bda1a50a44a8cbfbf4a5f49b5,
        type: 3}
      propertyPath: m_LocalRotation.y
      value: 0
      objectReference: {fileID: 0}
    - target: {fileID: 4221329590934594400, guid: a40dd88bda1a50a44a8cbfbf4a5f49b5,
        type: 3}
      propertyPath: m_LocalRotation.z
      value: 0
      objectReference: {fileID: 0}
    - target: {fileID: 4221329590934594400, guid: a40dd88bda1a50a44a8cbfbf4a5f49b5,
        type: 3}
      propertyPath: m_LocalRotation.w
      value: 1
      objectReference: {fileID: 0}
    - target: {fileID: 4221329590934594400, guid: a40dd88bda1a50a44a8cbfbf4a5f49b5,
        type: 3}
      propertyPath: m_RootOrder
      value: 5
      objectReference: {fileID: 0}
    - target: {fileID: 4221329590934594400, guid: a40dd88bda1a50a44a8cbfbf4a5f49b5,
        type: 3}
      propertyPath: m_LocalEulerAnglesHint.x
      value: 0
      objectReference: {fileID: 0}
    - target: {fileID: 4221329590934594400, guid: a40dd88bda1a50a44a8cbfbf4a5f49b5,
        type: 3}
      propertyPath: m_LocalEulerAnglesHint.y
      value: 0
      objectReference: {fileID: 0}
    - target: {fileID: 4221329590934594400, guid: a40dd88bda1a50a44a8cbfbf4a5f49b5,
        type: 3}
      propertyPath: m_LocalEulerAnglesHint.z
      value: 0
      objectReference: {fileID: 0}
    m_RemovedComponents: []
  m_SourcePrefab: {fileID: 100100000, guid: a40dd88bda1a50a44a8cbfbf4a5f49b5, type: 3}
--- !u!4 &5588725566914073256 stripped
Transform:
  m_CorrespondingSourceObject: {fileID: 4221329590934594400, guid: a40dd88bda1a50a44a8cbfbf4a5f49b5,
    type: 3}
  m_PrefabInstance: {fileID: 8582181588837528008}
  m_PrefabAsset: {fileID: 0}
