%YAML 1.1
%TAG !u! tag:unity3d.com,2011:
--- !u!1 &1720797683519251670
GameObject:
  m_ObjectHideFlags: 0
  m_CorrespondingSourceObject: {fileID: 0}
  m_PrefabInstance: {fileID: 0}
  m_PrefabAsset: {fileID: 0}
  serializedVersion: 6
  m_Component:
  - component: {fileID: 1720797683519251669}
  - component: {fileID: 1720797683519251668}
  m_Layer: 0
  m_Name: Level_5
  m_TagString: Untagged
  m_Icon: {fileID: 0}
  m_NavMeshLayer: 0
  m_StaticEditorFlags: 0
  m_IsActive: 1
--- !u!4 &1720797683519251669
Transform:
  m_ObjectHideFlags: 0
  m_CorrespondingSourceObject: {fileID: 0}
  m_PrefabInstance: {fileID: 0}
  m_PrefabAsset: {fileID: 0}
  m_GameObject: {fileID: 1720797683519251670}
  m_LocalRotation: {x: 0, y: 0, z: 0, w: 1}
  m_LocalPosition: {x: 0, y: 0, z: 0}
  m_LocalScale: {x: 1, y: 1, z: 1}
  m_Children:
  - {fileID: 5624771476043842582}
  - {fileID: 6849380910116365502}
  - {fileID: 2355360149277439693}
  - {fileID: 9208676944922804013}
  - {fileID: 1842712508092231926}
  - {fileID: 8653023742178262662}
  - {fileID: 1581350882287910482}
  - {fileID: 8838891899271923933}
  - {fileID: 3210400119868385895}
  - {fileID: 1617283360539693537}
  - {fileID: 4709974444898410704}
  - {fileID: 4589527030121460659}
  - {fileID: 7486391629977740021}
  - {fileID: 8744319630945085622}
  m_Father: {fileID: 0}
  m_RootOrder: 0
  m_LocalEulerAnglesHint: {x: 0, y: 0, z: 0}
--- !u!114 &1720797683519251668
MonoBehaviour:
  m_ObjectHideFlags: 0
  m_CorrespondingSourceObject: {fileID: 0}
  m_PrefabInstance: {fileID: 0}
  m_PrefabAsset: {fileID: 0}
  m_GameObject: {fileID: 1720797683519251670}
  m_Enabled: 1
  m_EditorHideFlags: 0
  m_Script: {fileID: 11500000, guid: c55a68c18d641428b87ca595c48e5d3b, type: 3}
  m_Name: 
  m_EditorClassIdentifier: 
  stars: 0
  id: 5
  levelTimer: 30
  SkyboxMatStart: {fileID: 2100000, guid: 39e8e6389b493b640b7ad0a0d8b1226a, type: 2}
  SkyboxMatEnd: {fileID: 2100000, guid: 4e17efcf069bf441d9ac6a0c13ac18cc, type: 2}
--- !u!1001 &370538037533282515
PrefabInstance:
  m_ObjectHideFlags: 0
  serializedVersion: 2
  m_Modification:
    m_TransformParent: {fileID: 1720797683519251669}
    m_Modifications:
    - target: {fileID: 2068785438729490938, guid: ea967a7174f5d70459df90797310c235,
        type: 3}
      propertyPath: m_Name
      value: Easy_20
      objectReference: {fileID: 0}
    - target: {fileID: 4221329590934594400, guid: ea967a7174f5d70459df90797310c235,
        type: 3}
      propertyPath: m_LocalPosition.x
      value: 0
      objectReference: {fileID: 0}
    - target: {fileID: 4221329590934594400, guid: ea967a7174f5d70459df90797310c235,
        type: 3}
      propertyPath: m_LocalPosition.y
      value: 0
      objectReference: {fileID: 0}
    - target: {fileID: 4221329590934594400, guid: ea967a7174f5d70459df90797310c235,
        type: 3}
      propertyPath: m_LocalPosition.z
      value: 0
      objectReference: {fileID: 0}
    - target: {fileID: 4221329590934594400, guid: ea967a7174f5d70459df90797310c235,
        type: 3}
      propertyPath: m_LocalRotation.x
      value: 0
      objectReference: {fileID: 0}
    - target: {fileID: 4221329590934594400, guid: ea967a7174f5d70459df90797310c235,
        type: 3}
      propertyPath: m_LocalRotation.y
      value: 0
      objectReference: {fileID: 0}
    - target: {fileID: 4221329590934594400, guid: ea967a7174f5d70459df90797310c235,
        type: 3}
      propertyPath: m_LocalRotation.z
      value: 0
      objectReference: {fileID: 0}
    - target: {fileID: 4221329590934594400, guid: ea967a7174f5d70459df90797310c235,
        type: 3}
      propertyPath: m_LocalRotation.w
      value: 1
      objectReference: {fileID: 0}
    - target: {fileID: 4221329590934594400, guid: ea967a7174f5d70459df90797310c235,
        type: 3}
      propertyPath: m_RootOrder
      value: 11
      objectReference: {fileID: 0}
    - target: {fileID: 4221329590934594400, guid: ea967a7174f5d70459df90797310c235,
        type: 3}
      propertyPath: m_LocalEulerAnglesHint.x
      value: 0
      objectReference: {fileID: 0}
    - target: {fileID: 4221329590934594400, guid: ea967a7174f5d70459df90797310c235,
        type: 3}
      propertyPath: m_LocalEulerAnglesHint.y
      value: 0
      objectReference: {fileID: 0}
    - target: {fileID: 4221329590934594400, guid: ea967a7174f5d70459df90797310c235,
        type: 3}
      propertyPath: m_LocalEulerAnglesHint.z
      value: 0
      objectReference: {fileID: 0}
    m_RemovedComponents: []
  m_SourcePrefab: {fileID: 100100000, guid: ea967a7174f5d70459df90797310c235, type: 3}
--- !u!4 &4589527030121460659 stripped
Transform:
  m_CorrespondingSourceObject: {fileID: 4221329590934594400, guid: ea967a7174f5d70459df90797310c235,
    type: 3}
  m_PrefabInstance: {fileID: 370538037533282515}
  m_PrefabAsset: {fileID: 0}
--- !u!1001 &1592177516328519943
PrefabInstance:
  m_ObjectHideFlags: 0
  serializedVersion: 2
  m_Modification:
    m_TransformParent: {fileID: 1720797683519251669}
    m_Modifications:
    - target: {fileID: 2068785438729490938, guid: a2a515fce84dac04aaf25b3884f3d716,
        type: 3}
      propertyPath: m_Name
      value: Easy_17
      objectReference: {fileID: 0}
    - target: {fileID: 4221329590934594400, guid: a2a515fce84dac04aaf25b3884f3d716,
        type: 3}
      propertyPath: m_LocalPosition.x
      value: 0
      objectReference: {fileID: 0}
    - target: {fileID: 4221329590934594400, guid: a2a515fce84dac04aaf25b3884f3d716,
        type: 3}
      propertyPath: m_LocalPosition.y
      value: 0
      objectReference: {fileID: 0}
    - target: {fileID: 4221329590934594400, guid: a2a515fce84dac04aaf25b3884f3d716,
        type: 3}
      propertyPath: m_LocalPosition.z
      value: 0
      objectReference: {fileID: 0}
    - target: {fileID: 4221329590934594400, guid: a2a515fce84dac04aaf25b3884f3d716,
        type: 3}
      propertyPath: m_LocalRotation.x
      value: 0
      objectReference: {fileID: 0}
    - target: {fileID: 4221329590934594400, guid: a2a515fce84dac04aaf25b3884f3d716,
        type: 3}
      propertyPath: m_LocalRotation.y
      value: 0
      objectReference: {fileID: 0}
    - target: {fileID: 4221329590934594400, guid: a2a515fce84dac04aaf25b3884f3d716,
        type: 3}
      propertyPath: m_LocalRotation.z
      value: 0
      objectReference: {fileID: 0}
    - target: {fileID: 4221329590934594400, guid: a2a515fce84dac04aaf25b3884f3d716,
        type: 3}
      propertyPath: m_LocalRotation.w
      value: 1
      objectReference: {fileID: 0}
    - target: {fileID: 4221329590934594400, guid: a2a515fce84dac04aaf25b3884f3d716,
        type: 3}
      propertyPath: m_RootOrder
      value: 8
      objectReference: {fileID: 0}
    - target: {fileID: 4221329590934594400, guid: a2a515fce84dac04aaf25b3884f3d716,
        type: 3}
      propertyPath: m_LocalEulerAnglesHint.x
      value: 0
      objectReference: {fileID: 0}
    - target: {fileID: 4221329590934594400, guid: a2a515fce84dac04aaf25b3884f3d716,
        type: 3}
      propertyPath: m_LocalEulerAnglesHint.y
      value: 0
      objectReference: {fileID: 0}
    - target: {fileID: 4221329590934594400, guid: a2a515fce84dac04aaf25b3884f3d716,
        type: 3}
      propertyPath: m_LocalEulerAnglesHint.z
      value: 0
      objectReference: {fileID: 0}
    m_RemovedComponents: []
  m_SourcePrefab: {fileID: 100100000, guid: a2a515fce84dac04aaf25b3884f3d716, type: 3}
--- !u!4 &3210400119868385895 stripped
Transform:
  m_CorrespondingSourceObject: {fileID: 4221329590934594400, guid: a2a515fce84dac04aaf25b3884f3d716,
    type: 3}
  m_PrefabInstance: {fileID: 1592177516328519943}
  m_PrefabAsset: {fileID: 0}
--- !u!1001 &1890042303998498221
PrefabInstance:
  m_ObjectHideFlags: 0
  serializedVersion: 2
  m_Modification:
    m_TransformParent: {fileID: 1720797683519251669}
    m_Modifications:
    - target: {fileID: 2068785438729490938, guid: 9b86d8ae4cdb12f4e800c39c6992b970,
        type: 3}
      propertyPath: m_Name
      value: Landing
      objectReference: {fileID: 0}
    - target: {fileID: 4221329590934594400, guid: 9b86d8ae4cdb12f4e800c39c6992b970,
        type: 3}
      propertyPath: m_LocalPosition.x
      value: 0
      objectReference: {fileID: 0}
    - target: {fileID: 4221329590934594400, guid: 9b86d8ae4cdb12f4e800c39c6992b970,
        type: 3}
      propertyPath: m_LocalPosition.y
      value: -127
      objectReference: {fileID: 0}
    - target: {fileID: 4221329590934594400, guid: 9b86d8ae4cdb12f4e800c39c6992b970,
        type: 3}
      propertyPath: m_LocalPosition.z
      value: 0
      objectReference: {fileID: 0}
    - target: {fileID: 4221329590934594400, guid: 9b86d8ae4cdb12f4e800c39c6992b970,
        type: 3}
      propertyPath: m_LocalRotation.x
      value: 0
      objectReference: {fileID: 0}
    - target: {fileID: 4221329590934594400, guid: 9b86d8ae4cdb12f4e800c39c6992b970,
        type: 3}
      propertyPath: m_LocalRotation.y
      value: 0
      objectReference: {fileID: 0}
    - target: {fileID: 4221329590934594400, guid: 9b86d8ae4cdb12f4e800c39c6992b970,
        type: 3}
      propertyPath: m_LocalRotation.z
      value: 0
      objectReference: {fileID: 0}
    - target: {fileID: 4221329590934594400, guid: 9b86d8ae4cdb12f4e800c39c6992b970,
        type: 3}
      propertyPath: m_LocalRotation.w
      value: 1
      objectReference: {fileID: 0}
    - target: {fileID: 4221329590934594400, guid: 9b86d8ae4cdb12f4e800c39c6992b970,
        type: 3}
      propertyPath: m_RootOrder
      value: 2
      objectReference: {fileID: 0}
    - target: {fileID: 4221329590934594400, guid: 9b86d8ae4cdb12f4e800c39c6992b970,
        type: 3}
      propertyPath: m_LocalEulerAnglesHint.x
      value: 0
      objectReference: {fileID: 0}
    - target: {fileID: 4221329590934594400, guid: 9b86d8ae4cdb12f4e800c39c6992b970,
        type: 3}
      propertyPath: m_LocalEulerAnglesHint.y
      value: 0
      objectReference: {fileID: 0}
    - target: {fileID: 4221329590934594400, guid: 9b86d8ae4cdb12f4e800c39c6992b970,
        type: 3}
      propertyPath: m_LocalEulerAnglesHint.z
      value: 0
      objectReference: {fileID: 0}
    m_RemovedComponents: []
  m_SourcePrefab: {fileID: 100100000, guid: 9b86d8ae4cdb12f4e800c39c6992b970, type: 3}
--- !u!4 &2355360149277439693 stripped
Transform:
  m_CorrespondingSourceObject: {fileID: 4221329590934594400, guid: 9b86d8ae4cdb12f4e800c39c6992b970,
    type: 3}
  m_PrefabInstance: {fileID: 1890042303998498221}
  m_PrefabAsset: {fileID: 0}
--- !u!1001 &2524141864286802838
PrefabInstance:
  m_ObjectHideFlags: 0
  serializedVersion: 2
  m_Modification:
    m_TransformParent: {fileID: 1720797683519251669}
    m_Modifications:
    - target: {fileID: 2068785438729490938, guid: 926e1eb346b85d74d90efbe43c66c2c9,
        type: 3}
      propertyPath: m_Name
      value: Easy_07
      objectReference: {fileID: 0}
    - target: {fileID: 4221329590934594400, guid: 926e1eb346b85d74d90efbe43c66c2c9,
        type: 3}
      propertyPath: m_LocalPosition.x
      value: 0
      objectReference: {fileID: 0}
    - target: {fileID: 4221329590934594400, guid: 926e1eb346b85d74d90efbe43c66c2c9,
        type: 3}
      propertyPath: m_LocalPosition.y
      value: 0
      objectReference: {fileID: 0}
    - target: {fileID: 4221329590934594400, guid: 926e1eb346b85d74d90efbe43c66c2c9,
        type: 3}
      propertyPath: m_LocalPosition.z
      value: 0
      objectReference: {fileID: 0}
    - target: {fileID: 4221329590934594400, guid: 926e1eb346b85d74d90efbe43c66c2c9,
        type: 3}
      propertyPath: m_LocalRotation.x
      value: 0
      objectReference: {fileID: 0}
    - target: {fileID: 4221329590934594400, guid: 926e1eb346b85d74d90efbe43c66c2c9,
        type: 3}
      propertyPath: m_LocalRotation.y
      value: 0
      objectReference: {fileID: 0}
    - target: {fileID: 4221329590934594400, guid: 926e1eb346b85d74d90efbe43c66c2c9,
        type: 3}
      propertyPath: m_LocalRotation.z
      value: 0
      objectReference: {fileID: 0}
    - target: {fileID: 4221329590934594400, guid: 926e1eb346b85d74d90efbe43c66c2c9,
        type: 3}
      propertyPath: m_LocalRotation.w
      value: 1
      objectReference: {fileID: 0}
    - target: {fileID: 4221329590934594400, guid: 926e1eb346b85d74d90efbe43c66c2c9,
        type: 3}
      propertyPath: m_RootOrder
      value: 4
      objectReference: {fileID: 0}
    - target: {fileID: 4221329590934594400, guid: 926e1eb346b85d74d90efbe43c66c2c9,
        type: 3}
      propertyPath: m_LocalEulerAnglesHint.x
      value: 0
      objectReference: {fileID: 0}
    - target: {fileID: 4221329590934594400, guid: 926e1eb346b85d74d90efbe43c66c2c9,
        type: 3}
      propertyPath: m_LocalEulerAnglesHint.y
      value: 0
      objectReference: {fileID: 0}
    - target: {fileID: 4221329590934594400, guid: 926e1eb346b85d74d90efbe43c66c2c9,
        type: 3}
      propertyPath: m_LocalEulerAnglesHint.z
      value: 0
      objectReference: {fileID: 0}
    m_RemovedComponents: []
  m_SourcePrefab: {fileID: 100100000, guid: 926e1eb346b85d74d90efbe43c66c2c9, type: 3}
--- !u!4 &1842712508092231926 stripped
Transform:
  m_CorrespondingSourceObject: {fileID: 4221329590934594400, guid: 926e1eb346b85d74d90efbe43c66c2c9,
    type: 3}
  m_PrefabInstance: {fileID: 2524141864286802838}
  m_PrefabAsset: {fileID: 0}
--- !u!1001 &3234871237907722881
PrefabInstance:
  m_ObjectHideFlags: 0
  serializedVersion: 2
  m_Modification:
    m_TransformParent: {fileID: 1720797683519251669}
    m_Modifications:
    - target: {fileID: 2068785438729490938, guid: 50d0770f064266f458d2e8e3643d94f8,
        type: 3}
      propertyPath: m_Name
      value: Easy_18
      objectReference: {fileID: 0}
    - target: {fileID: 4221329590934594400, guid: 50d0770f064266f458d2e8e3643d94f8,
        type: 3}
      propertyPath: m_LocalPosition.x
      value: 0
      objectReference: {fileID: 0}
    - target: {fileID: 4221329590934594400, guid: 50d0770f064266f458d2e8e3643d94f8,
        type: 3}
      propertyPath: m_LocalPosition.y
      value: 0
      objectReference: {fileID: 0}
    - target: {fileID: 4221329590934594400, guid: 50d0770f064266f458d2e8e3643d94f8,
        type: 3}
      propertyPath: m_LocalPosition.z
      value: 0
      objectReference: {fileID: 0}
    - target: {fileID: 4221329590934594400, guid: 50d0770f064266f458d2e8e3643d94f8,
        type: 3}
      propertyPath: m_LocalRotation.x
      value: 0
      objectReference: {fileID: 0}
    - target: {fileID: 4221329590934594400, guid: 50d0770f064266f458d2e8e3643d94f8,
        type: 3}
      propertyPath: m_LocalRotation.y
      value: 0
      objectReference: {fileID: 0}
    - target: {fileID: 4221329590934594400, guid: 50d0770f064266f458d2e8e3643d94f8,
        type: 3}
      propertyPath: m_LocalRotation.z
      value: 0
      objectReference: {fileID: 0}
    - target: {fileID: 4221329590934594400, guid: 50d0770f064266f458d2e8e3643d94f8,
        type: 3}
      propertyPath: m_LocalRotation.w
      value: 1
      objectReference: {fileID: 0}
    - target: {fileID: 4221329590934594400, guid: 50d0770f064266f458d2e8e3643d94f8,
        type: 3}
      propertyPath: m_RootOrder
      value: 9
      objectReference: {fileID: 0}
    - target: {fileID: 4221329590934594400, guid: 50d0770f064266f458d2e8e3643d94f8,
        type: 3}
      propertyPath: m_LocalEulerAnglesHint.x
      value: 0
      objectReference: {fileID: 0}
    - target: {fileID: 4221329590934594400, guid: 50d0770f064266f458d2e8e3643d94f8,
        type: 3}
      propertyPath: m_LocalEulerAnglesHint.y
      value: 0
      objectReference: {fileID: 0}
    - target: {fileID: 4221329590934594400, guid: 50d0770f064266f458d2e8e3643d94f8,
        type: 3}
      propertyPath: m_LocalEulerAnglesHint.z
      value: 0
      objectReference: {fileID: 0}
    m_RemovedComponents: []
  m_SourcePrefab: {fileID: 100100000, guid: 50d0770f064266f458d2e8e3643d94f8, type: 3}
--- !u!4 &1617283360539693537 stripped
Transform:
  m_CorrespondingSourceObject: {fileID: 4221329590934594400, guid: 50d0770f064266f458d2e8e3643d94f8,
    type: 3}
  m_PrefabInstance: {fileID: 3234871237907722881}
  m_PrefabAsset: {fileID: 0}
--- !u!1001 &3415763552500522290
PrefabInstance:
  m_ObjectHideFlags: 0
  serializedVersion: 2
  m_Modification:
    m_TransformParent: {fileID: 1720797683519251669}
    m_Modifications:
    - target: {fileID: 2068785438729490938, guid: b2ec5273045134443863df1ad0b05c44,
        type: 3}
      propertyPath: m_Name
      value: Pre_Jump (1)
      objectReference: {fileID: 0}
    - target: {fileID: 4221329590934594400, guid: b2ec5273045134443863df1ad0b05c44,
        type: 3}
      propertyPath: m_LocalPosition.x
      value: 0
      objectReference: {fileID: 0}
    - target: {fileID: 4221329590934594400, guid: b2ec5273045134443863df1ad0b05c44,
        type: 3}
      propertyPath: m_LocalPosition.y
      value: 0
      objectReference: {fileID: 0}
    - target: {fileID: 4221329590934594400, guid: b2ec5273045134443863df1ad0b05c44,
        type: 3}
      propertyPath: m_LocalPosition.z
      value: 0
      objectReference: {fileID: 0}
    - target: {fileID: 4221329590934594400, guid: b2ec5273045134443863df1ad0b05c44,
        type: 3}
      propertyPath: m_LocalRotation.x
      value: 0
      objectReference: {fileID: 0}
    - target: {fileID: 4221329590934594400, guid: b2ec5273045134443863df1ad0b05c44,
        type: 3}
      propertyPath: m_LocalRotation.y
      value: 0
      objectReference: {fileID: 0}
    - target: {fileID: 4221329590934594400, guid: b2ec5273045134443863df1ad0b05c44,
        type: 3}
      propertyPath: m_LocalRotation.z
      value: 0
      objectReference: {fileID: 0}
    - target: {fileID: 4221329590934594400, guid: b2ec5273045134443863df1ad0b05c44,
        type: 3}
      propertyPath: m_LocalRotation.w
      value: 1
      objectReference: {fileID: 0}
    - target: {fileID: 4221329590934594400, guid: b2ec5273045134443863df1ad0b05c44,
        type: 3}
      propertyPath: m_RootOrder
      value: 6
      objectReference: {fileID: 0}
    - target: {fileID: 4221329590934594400, guid: b2ec5273045134443863df1ad0b05c44,
        type: 3}
      propertyPath: m_LocalEulerAnglesHint.x
      value: 0
      objectReference: {fileID: 0}
    - target: {fileID: 4221329590934594400, guid: b2ec5273045134443863df1ad0b05c44,
        type: 3}
      propertyPath: m_LocalEulerAnglesHint.y
      value: 0
      objectReference: {fileID: 0}
    - target: {fileID: 4221329590934594400, guid: b2ec5273045134443863df1ad0b05c44,
        type: 3}
      propertyPath: m_LocalEulerAnglesHint.z
      value: 0
      objectReference: {fileID: 0}
    m_RemovedComponents: []
  m_SourcePrefab: {fileID: 100100000, guid: b2ec5273045134443863df1ad0b05c44, type: 3}
--- !u!4 &1581350882287910482 stripped
Transform:
  m_CorrespondingSourceObject: {fileID: 4221329590934594400, guid: b2ec5273045134443863df1ad0b05c44,
    type: 3}
  m_PrefabInstance: {fileID: 3415763552500522290}
  m_PrefabAsset: {fileID: 0}
--- !u!1001 &4629456048928730045
PrefabInstance:
  m_ObjectHideFlags: 0
  serializedVersion: 2
  m_Modification:
    m_TransformParent: {fileID: 1720797683519251669}
    m_Modifications:
    - target: {fileID: 2068785438729490938, guid: 9b86d8ae4cdb12f4e800c39c6992b970,
        type: 3}
      propertyPath: m_Name
      value: Landing (1)
      objectReference: {fileID: 0}
    - target: {fileID: 4221329590934594400, guid: 9b86d8ae4cdb12f4e800c39c6992b970,
        type: 3}
      propertyPath: m_LocalPosition.x
      value: 0
      objectReference: {fileID: 0}
    - target: {fileID: 4221329590934594400, guid: 9b86d8ae4cdb12f4e800c39c6992b970,
        type: 3}
      propertyPath: m_LocalPosition.y
      value: -111
      objectReference: {fileID: 0}
    - target: {fileID: 4221329590934594400, guid: 9b86d8ae4cdb12f4e800c39c6992b970,
        type: 3}
      propertyPath: m_LocalPosition.z
      value: 0
      objectReference: {fileID: 0}
    - target: {fileID: 4221329590934594400, guid: 9b86d8ae4cdb12f4e800c39c6992b970,
        type: 3}
      propertyPath: m_LocalRotation.x
      value: 0
      objectReference: {fileID: 0}
    - target: {fileID: 4221329590934594400, guid: 9b86d8ae4cdb12f4e800c39c6992b970,
        type: 3}
      propertyPath: m_LocalRotation.y
      value: 0
      objectReference: {fileID: 0}
    - target: {fileID: 4221329590934594400, guid: 9b86d8ae4cdb12f4e800c39c6992b970,
        type: 3}
      propertyPath: m_LocalRotation.z
      value: 0
      objectReference: {fileID: 0}
    - target: {fileID: 4221329590934594400, guid: 9b86d8ae4cdb12f4e800c39c6992b970,
        type: 3}
      propertyPath: m_LocalRotation.w
      value: 1
      objectReference: {fileID: 0}
    - target: {fileID: 4221329590934594400, guid: 9b86d8ae4cdb12f4e800c39c6992b970,
        type: 3}
      propertyPath: m_RootOrder
      value: 7
      objectReference: {fileID: 0}
    - target: {fileID: 4221329590934594400, guid: 9b86d8ae4cdb12f4e800c39c6992b970,
        type: 3}
      propertyPath: m_LocalEulerAnglesHint.x
      value: 0
      objectReference: {fileID: 0}
    - target: {fileID: 4221329590934594400, guid: 9b86d8ae4cdb12f4e800c39c6992b970,
        type: 3}
      propertyPath: m_LocalEulerAnglesHint.y
      value: 0
      objectReference: {fileID: 0}
    - target: {fileID: 4221329590934594400, guid: 9b86d8ae4cdb12f4e800c39c6992b970,
        type: 3}
      propertyPath: m_LocalEulerAnglesHint.z
      value: 0
      objectReference: {fileID: 0}
    m_RemovedComponents: []
  m_SourcePrefab: {fileID: 100100000, guid: 9b86d8ae4cdb12f4e800c39c6992b970, type: 3}
--- !u!4 &8838891899271923933 stripped
Transform:
  m_CorrespondingSourceObject: {fileID: 4221329590934594400, guid: 9b86d8ae4cdb12f4e800c39c6992b970,
    type: 3}
  m_PrefabInstance: {fileID: 4629456048928730045}
  m_PrefabAsset: {fileID: 0}
--- !u!1001 &4792001367517306342
PrefabInstance:
  m_ObjectHideFlags: 0
  serializedVersion: 2
  m_Modification:
    m_TransformParent: {fileID: 1720797683519251669}
    m_Modifications:
    - target: {fileID: 2068785438729490938, guid: 2feb7617f3053f44bb16614b0d5fa5cc,
        type: 3}
      propertyPath: m_Name
      value: Easy_05
      objectReference: {fileID: 0}
    - target: {fileID: 4221329590934594400, guid: 2feb7617f3053f44bb16614b0d5fa5cc,
        type: 3}
      propertyPath: m_LocalPosition.x
      value: 0
      objectReference: {fileID: 0}
    - target: {fileID: 4221329590934594400, guid: 2feb7617f3053f44bb16614b0d5fa5cc,
        type: 3}
      propertyPath: m_LocalPosition.y
      value: 0
      objectReference: {fileID: 0}
    - target: {fileID: 4221329590934594400, guid: 2feb7617f3053f44bb16614b0d5fa5cc,
        type: 3}
      propertyPath: m_LocalPosition.z
      value: 0
      objectReference: {fileID: 0}
    - target: {fileID: 4221329590934594400, guid: 2feb7617f3053f44bb16614b0d5fa5cc,
        type: 3}
      propertyPath: m_LocalRotation.x
      value: 0
      objectReference: {fileID: 0}
    - target: {fileID: 4221329590934594400, guid: 2feb7617f3053f44bb16614b0d5fa5cc,
        type: 3}
      propertyPath: m_LocalRotation.y
      value: 0
      objectReference: {fileID: 0}
    - target: {fileID: 4221329590934594400, guid: 2feb7617f3053f44bb16614b0d5fa5cc,
        type: 3}
      propertyPath: m_LocalRotation.z
      value: 0
      objectReference: {fileID: 0}
    - target: {fileID: 4221329590934594400, guid: 2feb7617f3053f44bb16614b0d5fa5cc,
        type: 3}
      propertyPath: m_LocalRotation.w
      value: 1
      objectReference: {fileID: 0}
    - target: {fileID: 4221329590934594400, guid: 2feb7617f3053f44bb16614b0d5fa5cc,
        type: 3}
      propertyPath: m_RootOrder
      value: 5
      objectReference: {fileID: 0}
    - target: {fileID: 4221329590934594400, guid: 2feb7617f3053f44bb16614b0d5fa5cc,
        type: 3}
      propertyPath: m_LocalEulerAnglesHint.x
      value: 0
      objectReference: {fileID: 0}
    - target: {fileID: 4221329590934594400, guid: 2feb7617f3053f44bb16614b0d5fa5cc,
        type: 3}
      propertyPath: m_LocalEulerAnglesHint.y
      value: 0
      objectReference: {fileID: 0}
    - target: {fileID: 4221329590934594400, guid: 2feb7617f3053f44bb16614b0d5fa5cc,
        type: 3}
      propertyPath: m_LocalEulerAnglesHint.z
      value: 0
      objectReference: {fileID: 0}
    m_RemovedComponents: []
  m_SourcePrefab: {fileID: 100100000, guid: 2feb7617f3053f44bb16614b0d5fa5cc, type: 3}
--- !u!4 &8653023742178262662 stripped
Transform:
  m_CorrespondingSourceObject: {fileID: 4221329590934594400, guid: 2feb7617f3053f44bb16614b0d5fa5cc,
    type: 3}
  m_PrefabInstance: {fileID: 4792001367517306342}
  m_PrefabAsset: {fileID: 0}
--- !u!1001 &4886190891480681430
PrefabInstance:
  m_ObjectHideFlags: 0
  serializedVersion: 2
  m_Modification:
    m_TransformParent: {fileID: 1720797683519251669}
    m_Modifications:
    - target: {fileID: 2068785438729490938, guid: 7eab5da0a774041769ec26305dac2bfd,
        type: 3}
      propertyPath: m_Name
      value: Finisher_01
      objectReference: {fileID: 0}
    - target: {fileID: 4221329590934594400, guid: 7eab5da0a774041769ec26305dac2bfd,
        type: 3}
      propertyPath: m_LocalPosition.x
      value: 0
      objectReference: {fileID: 0}
    - target: {fileID: 4221329590934594400, guid: 7eab5da0a774041769ec26305dac2bfd,
        type: 3}
      propertyPath: m_LocalPosition.y
      value: 0
      objectReference: {fileID: 0}
    - target: {fileID: 4221329590934594400, guid: 7eab5da0a774041769ec26305dac2bfd,
        type: 3}
      propertyPath: m_LocalPosition.z
      value: 0
      objectReference: {fileID: 0}
    - target: {fileID: 4221329590934594400, guid: 7eab5da0a774041769ec26305dac2bfd,
        type: 3}
      propertyPath: m_LocalRotation.x
      value: 0
      objectReference: {fileID: 0}
    - target: {fileID: 4221329590934594400, guid: 7eab5da0a774041769ec26305dac2bfd,
        type: 3}
      propertyPath: m_LocalRotation.y
      value: 0
      objectReference: {fileID: 0}
    - target: {fileID: 4221329590934594400, guid: 7eab5da0a774041769ec26305dac2bfd,
        type: 3}
      propertyPath: m_LocalRotation.z
      value: 0
      objectReference: {fileID: 0}
    - target: {fileID: 4221329590934594400, guid: 7eab5da0a774041769ec26305dac2bfd,
        type: 3}
      propertyPath: m_LocalRotation.w
      value: 1
      objectReference: {fileID: 0}
    - target: {fileID: 4221329590934594400, guid: 7eab5da0a774041769ec26305dac2bfd,
        type: 3}
      propertyPath: m_RootOrder
      value: 13
      objectReference: {fileID: 0}
    - target: {fileID: 4221329590934594400, guid: 7eab5da0a774041769ec26305dac2bfd,
        type: 3}
      propertyPath: m_LocalEulerAnglesHint.x
      value: 0
      objectReference: {fileID: 0}
    - target: {fileID: 4221329590934594400, guid: 7eab5da0a774041769ec26305dac2bfd,
        type: 3}
      propertyPath: m_LocalEulerAnglesHint.y
      value: 0
      objectReference: {fileID: 0}
    - target: {fileID: 4221329590934594400, guid: 7eab5da0a774041769ec26305dac2bfd,
        type: 3}
      propertyPath: m_LocalEulerAnglesHint.z
      value: 0
      objectReference: {fileID: 0}
    m_RemovedComponents: []
  m_SourcePrefab: {fileID: 100100000, guid: 7eab5da0a774041769ec26305dac2bfd, type: 3}
--- !u!4 &8744319630945085622 stripped
Transform:
  m_CorrespondingSourceObject: {fileID: 4221329590934594400, guid: 7eab5da0a774041769ec26305dac2bfd,
    type: 3}
  m_PrefabInstance: {fileID: 4886190891480681430}
  m_PrefabAsset: {fileID: 0}
--- !u!1001 &4998685532473236557
PrefabInstance:
  m_ObjectHideFlags: 0
  serializedVersion: 2
  m_Modification:
    m_TransformParent: {fileID: 1720797683519251669}
    m_Modifications:
    - target: {fileID: 2068785438729490938, guid: 24c60b4e2aef4c443bdaa69a035b63b9,
        type: 3}
      propertyPath: m_Name
      value: Easy_14
      objectReference: {fileID: 0}
    - target: {fileID: 4221329590934594400, guid: 24c60b4e2aef4c443bdaa69a035b63b9,
        type: 3}
      propertyPath: m_LocalPosition.x
      value: 0
      objectReference: {fileID: 0}
    - target: {fileID: 4221329590934594400, guid: 24c60b4e2aef4c443bdaa69a035b63b9,
        type: 3}
      propertyPath: m_LocalPosition.y
      value: 0
      objectReference: {fileID: 0}
    - target: {fileID: 4221329590934594400, guid: 24c60b4e2aef4c443bdaa69a035b63b9,
        type: 3}
      propertyPath: m_LocalPosition.z
      value: 0
      objectReference: {fileID: 0}
    - target: {fileID: 4221329590934594400, guid: 24c60b4e2aef4c443bdaa69a035b63b9,
        type: 3}
      propertyPath: m_LocalRotation.x
      value: 0
      objectReference: {fileID: 0}
    - target: {fileID: 4221329590934594400, guid: 24c60b4e2aef4c443bdaa69a035b63b9,
        type: 3}
      propertyPath: m_LocalRotation.y
      value: 0
      objectReference: {fileID: 0}
    - target: {fileID: 4221329590934594400, guid: 24c60b4e2aef4c443bdaa69a035b63b9,
        type: 3}
      propertyPath: m_LocalRotation.z
      value: 0
      objectReference: {fileID: 0}
    - target: {fileID: 4221329590934594400, guid: 24c60b4e2aef4c443bdaa69a035b63b9,
        type: 3}
      propertyPath: m_LocalRotation.w
      value: 1
      objectReference: {fileID: 0}
    - target: {fileID: 4221329590934594400, guid: 24c60b4e2aef4c443bdaa69a035b63b9,
        type: 3}
      propertyPath: m_RootOrder
      value: 3
      objectReference: {fileID: 0}
    - target: {fileID: 4221329590934594400, guid: 24c60b4e2aef4c443bdaa69a035b63b9,
        type: 3}
      propertyPath: m_LocalEulerAnglesHint.x
      value: 0
      objectReference: {fileID: 0}
    - target: {fileID: 4221329590934594400, guid: 24c60b4e2aef4c443bdaa69a035b63b9,
        type: 3}
      propertyPath: m_LocalEulerAnglesHint.y
      value: 0
      objectReference: {fileID: 0}
    - target: {fileID: 4221329590934594400, guid: 24c60b4e2aef4c443bdaa69a035b63b9,
        type: 3}
      propertyPath: m_LocalEulerAnglesHint.z
      value: 0
      objectReference: {fileID: 0}
    m_RemovedComponents: []
  m_SourcePrefab: {fileID: 100100000, guid: 24c60b4e2aef4c443bdaa69a035b63b9, type: 3}
--- !u!4 &9208676944922804013 stripped
Transform:
  m_CorrespondingSourceObject: {fileID: 4221329590934594400, guid: 24c60b4e2aef4c443bdaa69a035b63b9,
    type: 3}
  m_PrefabInstance: {fileID: 4998685532473236557}
  m_PrefabAsset: {fileID: 0}
--- !u!1001 &6732931334899466645
PrefabInstance:
  m_ObjectHideFlags: 0
  serializedVersion: 2
  m_Modification:
    m_TransformParent: {fileID: 1720797683519251669}
    m_Modifications:
    - target: {fileID: 2068785438729490938, guid: ed34f6bc444ad4f4db65e158f65af6d4,
        type: 3}
      propertyPath: m_Name
      value: Easy_09
      objectReference: {fileID: 0}
    - target: {fileID: 4221329590934594400, guid: ed34f6bc444ad4f4db65e158f65af6d4,
        type: 3}
      propertyPath: m_LocalPosition.x
      value: 0
      objectReference: {fileID: 0}
    - target: {fileID: 4221329590934594400, guid: ed34f6bc444ad4f4db65e158f65af6d4,
        type: 3}
      propertyPath: m_LocalPosition.y
      value: 0
      objectReference: {fileID: 0}
    - target: {fileID: 4221329590934594400, guid: ed34f6bc444ad4f4db65e158f65af6d4,
        type: 3}
      propertyPath: m_LocalPosition.z
      value: 0
      objectReference: {fileID: 0}
    - target: {fileID: 4221329590934594400, guid: ed34f6bc444ad4f4db65e158f65af6d4,
        type: 3}
      propertyPath: m_LocalRotation.x
      value: 0
      objectReference: {fileID: 0}
    - target: {fileID: 4221329590934594400, guid: ed34f6bc444ad4f4db65e158f65af6d4,
        type: 3}
      propertyPath: m_LocalRotation.y
      value: 0
      objectReference: {fileID: 0}
    - target: {fileID: 4221329590934594400, guid: ed34f6bc444ad4f4db65e158f65af6d4,
        type: 3}
      propertyPath: m_LocalRotation.z
      value: 0
      objectReference: {fileID: 0}
    - target: {fileID: 4221329590934594400, guid: ed34f6bc444ad4f4db65e158f65af6d4,
        type: 3}
      propertyPath: m_LocalRotation.w
      value: 1
      objectReference: {fileID: 0}
    - target: {fileID: 4221329590934594400, guid: ed34f6bc444ad4f4db65e158f65af6d4,
        type: 3}
      propertyPath: m_RootOrder
      value: 12
      objectReference: {fileID: 0}
    - target: {fileID: 4221329590934594400, guid: ed34f6bc444ad4f4db65e158f65af6d4,
        type: 3}
      propertyPath: m_LocalEulerAnglesHint.x
      value: 0
      objectReference: {fileID: 0}
    - target: {fileID: 4221329590934594400, guid: ed34f6bc444ad4f4db65e158f65af6d4,
        type: 3}
      propertyPath: m_LocalEulerAnglesHint.y
      value: 0
      objectReference: {fileID: 0}
    - target: {fileID: 4221329590934594400, guid: ed34f6bc444ad4f4db65e158f65af6d4,
        type: 3}
      propertyPath: m_LocalEulerAnglesHint.z
      value: 0
      objectReference: {fileID: 0}
    m_RemovedComponents: []
  m_SourcePrefab: {fileID: 100100000, guid: ed34f6bc444ad4f4db65e158f65af6d4, type: 3}
--- !u!4 &7486391629977740021 stripped
Transform:
  m_CorrespondingSourceObject: {fileID: 4221329590934594400, guid: ed34f6bc444ad4f4db65e158f65af6d4,
    type: 3}
  m_PrefabInstance: {fileID: 6732931334899466645}
  m_PrefabAsset: {fileID: 0}
--- !u!1001 &7320829069507135454
PrefabInstance:
  m_ObjectHideFlags: 0
  serializedVersion: 2
  m_Modification:
    m_TransformParent: {fileID: 1720797683519251669}
    m_Modifications:
    - target: {fileID: 2068785438729490938, guid: b2ec5273045134443863df1ad0b05c44,
        type: 3}
      propertyPath: m_Name
      value: Pre_Jump
      objectReference: {fileID: 0}
    - target: {fileID: 4221329590934594400, guid: b2ec5273045134443863df1ad0b05c44,
        type: 3}
      propertyPath: m_LocalPosition.x
      value: 0
      objectReference: {fileID: 0}
    - target: {fileID: 4221329590934594400, guid: b2ec5273045134443863df1ad0b05c44,
        type: 3}
      propertyPath: m_LocalPosition.y
      value: 0
      objectReference: {fileID: 0}
    - target: {fileID: 4221329590934594400, guid: b2ec5273045134443863df1ad0b05c44,
        type: 3}
      propertyPath: m_LocalPosition.z
      value: 0
      objectReference: {fileID: 0}
    - target: {fileID: 4221329590934594400, guid: b2ec5273045134443863df1ad0b05c44,
        type: 3}
      propertyPath: m_LocalRotation.x
      value: 0
      objectReference: {fileID: 0}
    - target: {fileID: 4221329590934594400, guid: b2ec5273045134443863df1ad0b05c44,
        type: 3}
      propertyPath: m_LocalRotation.y
      value: 0
      objectReference: {fileID: 0}
    - target: {fileID: 4221329590934594400, guid: b2ec5273045134443863df1ad0b05c44,
        type: 3}
      propertyPath: m_LocalRotation.z
      value: 0
      objectReference: {fileID: 0}
    - target: {fileID: 4221329590934594400, guid: b2ec5273045134443863df1ad0b05c44,
        type: 3}
      propertyPath: m_LocalRotation.w
      value: 1
      objectReference: {fileID: 0}
    - target: {fileID: 4221329590934594400, guid: b2ec5273045134443863df1ad0b05c44,
        type: 3}
      propertyPath: m_RootOrder
      value: 1
      objectReference: {fileID: 0}
    - target: {fileID: 4221329590934594400, guid: b2ec5273045134443863df1ad0b05c44,
        type: 3}
      propertyPath: m_LocalEulerAnglesHint.x
      value: 0
      objectReference: {fileID: 0}
    - target: {fileID: 4221329590934594400, guid: b2ec5273045134443863df1ad0b05c44,
        type: 3}
      propertyPath: m_LocalEulerAnglesHint.y
      value: 0
      objectReference: {fileID: 0}
    - target: {fileID: 4221329590934594400, guid: b2ec5273045134443863df1ad0b05c44,
        type: 3}
      propertyPath: m_LocalEulerAnglesHint.z
      value: 0
      objectReference: {fileID: 0}
    m_RemovedComponents: []
  m_SourcePrefab: {fileID: 100100000, guid: b2ec5273045134443863df1ad0b05c44, type: 3}
--- !u!4 &6849380910116365502 stripped
Transform:
  m_CorrespondingSourceObject: {fileID: 4221329590934594400, guid: b2ec5273045134443863df1ad0b05c44,
    type: 3}
  m_PrefabInstance: {fileID: 7320829069507135454}
  m_PrefabAsset: {fileID: 0}
--- !u!1001 &8402062408509007734
PrefabInstance:
  m_ObjectHideFlags: 0
  serializedVersion: 2
  m_Modification:
    m_TransformParent: {fileID: 1720797683519251669}
    m_Modifications:
    - target: {fileID: 2068785438729490938, guid: 90802cadc1297442496d47f76cb194e5,
        type: 3}
      propertyPath: m_Name
      value: Starter_01
      objectReference: {fileID: 0}
    - target: {fileID: 4221329590934594400, guid: 90802cadc1297442496d47f76cb194e5,
        type: 3}
      propertyPath: m_LocalPosition.x
      value: 0
      objectReference: {fileID: 0}
    - target: {fileID: 4221329590934594400, guid: 90802cadc1297442496d47f76cb194e5,
        type: 3}
      propertyPath: m_LocalPosition.y
      value: 0
      objectReference: {fileID: 0}
    - target: {fileID: 4221329590934594400, guid: 90802cadc1297442496d47f76cb194e5,
        type: 3}
      propertyPath: m_LocalPosition.z
      value: 0
      objectReference: {fileID: 0}
    - target: {fileID: 4221329590934594400, guid: 90802cadc1297442496d47f76cb194e5,
        type: 3}
      propertyPath: m_LocalRotation.x
      value: 0
      objectReference: {fileID: 0}
    - target: {fileID: 4221329590934594400, guid: 90802cadc1297442496d47f76cb194e5,
        type: 3}
      propertyPath: m_LocalRotation.y
      value: 0
      objectReference: {fileID: 0}
    - target: {fileID: 4221329590934594400, guid: 90802cadc1297442496d47f76cb194e5,
        type: 3}
      propertyPath: m_LocalRotation.z
      value: 0
      objectReference: {fileID: 0}
    - target: {fileID: 4221329590934594400, guid: 90802cadc1297442496d47f76cb194e5,
        type: 3}
      propertyPath: m_LocalRotation.w
      value: 1
      objectReference: {fileID: 0}
    - target: {fileID: 4221329590934594400, guid: 90802cadc1297442496d47f76cb194e5,
        type: 3}
      propertyPath: m_RootOrder
      value: 0
      objectReference: {fileID: 0}
    - target: {fileID: 4221329590934594400, guid: 90802cadc1297442496d47f76cb194e5,
        type: 3}
      propertyPath: m_LocalEulerAnglesHint.x
      value: 0
      objectReference: {fileID: 0}
    - target: {fileID: 4221329590934594400, guid: 90802cadc1297442496d47f76cb194e5,
        type: 3}
      propertyPath: m_LocalEulerAnglesHint.y
      value: 0
      objectReference: {fileID: 0}
    - target: {fileID: 4221329590934594400, guid: 90802cadc1297442496d47f76cb194e5,
        type: 3}
      propertyPath: m_LocalEulerAnglesHint.z
      value: 0
      objectReference: {fileID: 0}
    m_RemovedComponents: []
  m_SourcePrefab: {fileID: 100100000, guid: 90802cadc1297442496d47f76cb194e5, type: 3}
--- !u!4 &5624771476043842582 stripped
Transform:
  m_CorrespondingSourceObject: {fileID: 4221329590934594400, guid: 90802cadc1297442496d47f76cb194e5,
    type: 3}
  m_PrefabInstance: {fileID: 8402062408509007734}
  m_PrefabAsset: {fileID: 0}
--- !u!1001 &8919410020715987888
PrefabInstance:
  m_ObjectHideFlags: 0
  serializedVersion: 2
  m_Modification:
    m_TransformParent: {fileID: 1720797683519251669}
    m_Modifications:
    - target: {fileID: 2068785438729490938, guid: 984250fd6a1cf694f8b72955eeafef4f,
        type: 3}
      propertyPath: m_Name
      value: Easy_19
      objectReference: {fileID: 0}
    - target: {fileID: 4221329590934594400, guid: 984250fd6a1cf694f8b72955eeafef4f,
        type: 3}
      propertyPath: m_LocalPosition.x
      value: 0
      objectReference: {fileID: 0}
    - target: {fileID: 4221329590934594400, guid: 984250fd6a1cf694f8b72955eeafef4f,
        type: 3}
      propertyPath: m_LocalPosition.y
      value: 0
      objectReference: {fileID: 0}
    - target: {fileID: 4221329590934594400, guid: 984250fd6a1cf694f8b72955eeafef4f,
        type: 3}
      propertyPath: m_LocalPosition.z
      value: 0
      objectReference: {fileID: 0}
    - target: {fileID: 4221329590934594400, guid: 984250fd6a1cf694f8b72955eeafef4f,
        type: 3}
      propertyPath: m_LocalRotation.x
      value: 0
      objectReference: {fileID: 0}
    - target: {fileID: 4221329590934594400, guid: 984250fd6a1cf694f8b72955eeafef4f,
        type: 3}
      propertyPath: m_LocalRotation.y
      value: 0
      objectReference: {fileID: 0}
    - target: {fileID: 4221329590934594400, guid: 984250fd6a1cf694f8b72955eeafef4f,
        type: 3}
      propertyPath: m_LocalRotation.z
      value: 0
      objectReference: {fileID: 0}
    - target: {fileID: 4221329590934594400, guid: 984250fd6a1cf694f8b72955eeafef4f,
        type: 3}
      propertyPath: m_LocalRotation.w
      value: 1
      objectReference: {fileID: 0}
    - target: {fileID: 4221329590934594400, guid: 984250fd6a1cf694f8b72955eeafef4f,
        type: 3}
      propertyPath: m_RootOrder
      value: 10
      objectReference: {fileID: 0}
    - target: {fileID: 4221329590934594400, guid: 984250fd6a1cf694f8b72955eeafef4f,
        type: 3}
      propertyPath: m_LocalEulerAnglesHint.x
      value: 0
      objectReference: {fileID: 0}
    - target: {fileID: 4221329590934594400, guid: 984250fd6a1cf694f8b72955eeafef4f,
        type: 3}
      propertyPath: m_LocalEulerAnglesHint.y
      value: 0
      objectReference: {fileID: 0}
    - target: {fileID: 4221329590934594400, guid: 984250fd6a1cf694f8b72955eeafef4f,
        type: 3}
      propertyPath: m_LocalEulerAnglesHint.z
      value: 0
      objectReference: {fileID: 0}
    m_RemovedComponents: []
  m_SourcePrefab: {fileID: 100100000, guid: 984250fd6a1cf694f8b72955eeafef4f, type: 3}
--- !u!4 &4709974444898410704 stripped
Transform:
  m_CorrespondingSourceObject: {fileID: 4221329590934594400, guid: 984250fd6a1cf694f8b72955eeafef4f,
    type: 3}
  m_PrefabInstance: {fileID: 8919410020715987888}
  m_PrefabAsset: {fileID: 0}
